2540 4320
491 434 604 488 LIBER
623 435 686 490 XII.

108 578 295 658 Responsaut
308 581 392 658 circd,
406 593 436 641 et
449 584 552 642 ooelum
566 593 645 643 tonat
658 604 742 644 omne
755 587 887 646 tumultu.

109 658 174 735 Ille,
190 662 275 720 simul
288 662 410 738 fugiens,
424 663 546 722 Rutulos
560 663 645 720 simul
658 664 786 742 increpat
800 685 908 742 omnes,

108 737 140 794 N
142 739 240 799 omine
254 760 396 820 quemque
404 761 526 814 vocans3
547 750 705 817 uotumque
718 742 851 820 efflagitat
864 763 972 804 ensem.

108 815 223 877 AEneas
237 828 357 878 mortem
371 818 469 878 contri
482 838 664 897 praeseusque
679 821 799 880 minatur

110 894 254 974 Exitium,
269 899 294 956 si
307 900 456 976 quisquam
471 899 569 972 adeat3
592 907 733 976 terretque
747 909 909 978 trementes,

110 974 289 1039 Excisurum
302 979 403 1036 urbem
416 979 558 1052 minitans,
573 986 602 1036 et
615 981 729 1036 saucius
742 979 835 1039 instat.

111 1054 251 1134 Quinque
266 1056 348 1114 orbes
363 1056 480 1133 explent
492 1076 586 1132 cursu,
601 1058 776 1135 totidemque
788 1069 921 1120 retexunt

110 1132 191 1210 Huc,
206 1136 292 1208 illuc;
314 1155 407 1212 neque
422 1137 498 1194 enim
512 1135 587 1194 levis
601 1143 649 1194 aut
662 1137 770 1194 ludicra
781 1147 918 1215 petuntur

109 1211 244 1290 Praemia,
259 1215 309 1272 sed
324 1214 416 1272 Turni
430 1215 465 1272 de
479 1214 537 1272 vite
551 1223 580 1272 et
593 1215 732 1290 sunguine
746 1226 862 1277 certant·

151 1290 239 1351 Forte
255 1312 334 1352 sacer
346 1294 449 1351 Fauno
462 1292 537 1350 foliis
550 1293 670 1352 oleaster
684 1295 785 1354 umoris

110 1367 171 1428 Hie
185 1381 308 1447 steterat,
323 1372 417 1430 nautis
431 1371 498 1429 olim
512 1372 674 1430 venerabile
688 1373 817 1450 signum3

113 1447 225 1508 Servati
239 1470 276 1508 ex
289 1451 374 1508 undis
387 1449 436 1508 ubi
449 1450 537 1526 figere
551 1451 625 1507 dona
638 1450 768 1509 solebant

110 1527 248 1588 Laurenti
262 1529 337 1602 divo,
353 1537 382 1586 et
394 1536 473 1586 votas
488 1529 661 1606 suspendere
674 1538 785 1588 vestes:

112 1605 171 1664 Sed
186 1608 302 1684 stirpem
316 1607 431 1682 Teucri,
446 1608 525 1665 nullo
539 1608 710 1683 discrimine,
726 1627 836 1666 sermm

112 1685 301 1762 Sustuleront,
316 1705 387 1762 puro
401 1696 433 1744 ut
445 1693 561 1763 possent
575 1705 743 1744 concurrere
756 1705 867 1767 campo,

114 1764 182 1824 Hic
192 1766 384 1824 hastaAEneae
398 1767 504 1840 stabat3
526 1767 583 1824 huc
597 1767 719 1843 impetus
733 1766 810 1824 illam

110 1842 262 1904 Detuleret
275 1845 371 1920 fixam,
386 1853 417 1903 et
430 1844 507 1904 lenti
521 1847 549 1903 in
564 1846 658 1903 radice
671 1845 794 1903 tenebat.

112 1921 257 1998 incubuit,
271 1924 418 2000 voluitque
432 1943 518 1982 manu
533 1924 693 1982 convellere
706 1924 811 1982 serrum

110 2001 301 2077 Dardanides,
316 2003 430 2079 teloque
444 2005 525 2080 sequi
539 2022 625 2080 quem
637 2004 776 2079 prendere
790 2022 873 2061 cursu

1 2135 2 2160 ,
110 2080 181 2140 Non
195 2090 313 2159 poteret.
355 2082 431 2140 Tum
444 2079 512 2140 verb
524 2099 625 2140 amens
638 2082 787 2140 formidine
801 2082 929 2159 Turnus,-

110 2157 224 2237 Faune,
238 2180 347 2238 precor,
362 2163 505 2238 miserere,
519 2161 620 2238 inquit,
634 2169 721 2238 tuque
735 2162 841 2238 optime
854 2162 957 2220 serrum

111 2237 203 2298 Terra
216 2248 292 2316 tene,
307 2239 383 2298 colui
396 2248 503 2298 vestros
518 2239 541 2297 si
555 2259 615 2299 sem
638 2259 669 2298 er
678 2240 810 2316 honores,

112 2317 196 2390 Quos
211 2316 308 2378 contri
321 2319 462 2379 AEneadae
475 2317 551 2376 bello
565 2318 659 2377 iecere
672 2319 813 2395 profanos.
878 2312 885 2328 '

110 2397 205 2474 Dixit,
220 2416 360 2477 opemque
375 2398 421 2456 dei
435 2417 492 2456 non
506 2398 628 2456 cassuin
642 2405 708 2456 vota
721 2399 839 2456 vocavit.

111 2475 248 2553 Namque
262 2477 310 2535 diu
324 2477 443 2553 luctans,
458 2477 592 2554 lentoque
605 2477 635 2534 in
650 2477 735 2555 stirpe
749 2481 880 2554 moratus,

111 2553 231 2614 Viribus
245 2556 323 2614 baud
337 2556 402 2614 ullis
416 2556 504 2614 valuit
517 2556 676 2614 discludere
689 2577 797 2615 morsus

110 2633 236 2692 Roboris
250 2634 366 2692 AEness.
407 2635 485 2692 Dum
499 2635 597 2693 nititur
611 2654 684 2709 acer,
700 2642 729 2693 et
740 2637 843 2710 iustae·

110 2712 222 2770 Rursus
235 2713 265 2769 iu
279 2712 383 2788 aurigae
398 2712 500 2770 faciem
514 2721 621 2771 mutata
635 2713 751 2770 Metisci

111 2791 264 2865 Procurrit,
279 2790 413 2866 fratrique
428 2808 526 2848 ensem
540 2792 594 2848 dea
608 2791 722 2848 Daunia
735 2791 834 2848 reddit.

113 2869 201 2942 Quod
215 2868 316 2927 Venus
331 2869 432 2927 audaci
445 2869 476 2926 N
477 2869 591 2946 ymphae
605 2869 752 2944 indignate
764 2869 859 2942 licere,

111 2949 251 3024 Accessit,
266 2948 410 3025 telumque
425 2947 481 3005 alte
496 2947 530 3006 ab
544 2948 638 3006 radice
652 2947 769 3005 revellit.

112 3029 171 3088 Olli
185 3027 329 3101 sublimes,
345 3027 428 3085 armis
443 3026 601 3102 animisque
615 3025 722 3101 refecti,

112 3108 170 3166 Hic
184 3107 278 3184 gladio
291 3107 392 3182 fideus,
407 3105 455 3164 hic
469 3125 534 3164 acer
548 3114 576 3164 et
590 3105 691 3163 arduus
705 3104 796 3180 hasti,

111 3188 262 3246 Adsistnnt
276 3183 382 3261 contri,
398 3185 553 3243 certamine
568 3185 669 3242 Martis
683 3183 787 3242 anheli.

149 3267 292 3325 lunonem
307 3266 416 3324 interea
428 3283 480 3323 rex
493 3263 695 3341 omnipotentis
711 3262 827 3340 Olympi

111 3345 281 3421 Alloquitur,
296 3345 374 3404 sulvti
387 3365 497 3422 pugnas
511 3345 547 3402 de
560 3342 637 3401 nube
651 3350 788 3401 tuentem.

112 3425 188 3496 Quae
199 3427 260 3502 jam
274 3423 338 3492 fluis
353 3425 415 3499 erit,
431 3426 559 3503 conjnx?
580 3423 647 3500 quid
661 3423 785 3499 denique
798 3424 904 3482 restat?

111 3502 272 3578 indigetem
286 3503 402 3561 AEnean
418 3504 473 3562 scis
487 3505 556 3580 ipsa,
572 3511 601 3560 et
614 3502 686 3560 scire
699 3502 802 3578 fateris,

111 3581 220 3639 Deberi
234 3581 317 3657 coelo,
332 3582 455 3658 setisque
470 3583 503 3640 ad
519 3582 611 3639 sideru
623 3581 693 3639 tolli.
760 3600 766 3618 s

1 3683 2 3701 ¹
111 3661 190 3733 Quid
204 3659 311 3719 struis?
332 3669 382 3719 aut
395 3661 450 3737 quai
466 3680 516 3737 spe
530 3660 630 3735 gelidis
644 3661 673 3717 in
688 3660 812 3719 nubibus
821 3660 939 3719 haeres?

110 3740 258 3800 Mortalin’
272 3740 368 3798 decuit
380 3739 479 3796 violari
491 3739 610 3796 vulnere
624 3735 742 3796 divum?

109 3821 171 3879 Aut
185 3838 283 3878 ensem
302 3817 385 3896 (quid
400 3817 477 3874 enim
492 3818 553 3874 sine
566 3825 594 3874 te
607 3817 728 3875 Juturna
740 3817 847 3876 valeret
858 3817 883 3894 ?)

110 3900 250 3977 Ereptum
265 3898 345 3957 reddi
360 3898 469 3970 Turno,
484 3905 512 3954 et
525 3896 584 3952 vim
599 3914 727 3953 crescere
740 3897 846 3954 victis?

110 3980 220 4038 Desine
230 3982 291 4058 jam
306 3977 431 4052 tandem,
445 3974 632 4053 precibusque
647 3974 792 4032 inflectere
806 3973 926 4046 nostris;
1024 3978 1080 4032 800
