2712 4488
524 472 638 534 LIBER
657 477 691 532 X.
791 525 794 534 .
1042 477 1096 532 255

129 629 227 702 Quem
242 630 357 688 Turnus
372 648 456 707 super
470 629 621 690 assistens:
1038 631 1097 685 49⁰*

127 710 265 784 Arcades,
280 708 352 783 haec,
366 704 468 784 inquil,
483 725 623 766 memores
636 723 700 763 mee
714 705 789 765 dicta
801 707 901 766 referta
921 740 924 745 ·

128 787 284 846 Evandro:
305 786 420 864 qualem
433 787 537 846 meruit
550 785 681 846 Pallanta
695 785 815 843 remitto.

130 866 268 947 Quisquis
281 866 372 924 honos
385 865 498 940 tumuli,
513 863 649 942 quidquid
664 863 791 921 solamen
805 863 943 922 humandi
955 871 1008 941 est,

118 945 265 1021 ¹Largior:
286 945 363 1001 haud
376 943 419 1001 illi
433 943 546 1002 stabunt
558 943 666 1001 AEneia
678 961 765 1020 parvo

129 1023 271 1100 Hospitis.
313 1023 354 1080 Et
364 1022 438 1083 laevo
450 1021 553 1099 pressit
565 1023 649 1098 pede,
663 1021 730 1083 talia
742 1021 838 1096 latus,¹
1039 1024 1096 1079 495

128 1101 313 1177 Exanimem,
328 1101 439 1178 rapiens
453 1100 588 1160 immania
600 1101 727 1176 pondera
739 1100 836 1174 baltei,

130 1180 361 1257 lmpressumque
375 1179 472 1240 nesus:
494 1179 554 1238 uni'
565 1177 618 1236 sub
631 1187 715 1236 noete
725 1179 817 1256 Jugali

129 1259 216 1316 Caesa
228 1278 327 1317 manus
335 1261 476 1337 juvenum
490 1254 576 1331 loede,
590 1256 765 1331 thalamique
780 1257 909 1330 cruenti3

129 1337 207 1408 Quae
222 1337 330 1395 Clonus
344 1337 498 1412 Eurytides
513 1336 601 1394 multo
616 1334 765 1393 celaverat
778 1354 865 1395 auro:

130 1417 200 1487 Quo
214 1436 289 1474 nunc
303 1416 417 1474 Turnus
431 1423 497 1471 ovat
510 1415 603 1490 spolio,
614 1413 773 1488 gaudetque
786 1415 909 1490 potitus:

126 1495 240 1554 Nescia
253 1513 334 1552 mens
347 1494 496 1553 hominum
510 1493 559 1550 sati
573 1491 711 1567 sortisque
725 1491 837 1566 future,

128 1575 171 1632 Et
185 1591 297 1632 servare
310 1573 435 1647 modum,
450 1571 534 1629 rebus
548 1569 657 1629 sublata
670 1569 818 1628 secundis!
853 1617 857 1622 .

128 1653 232 1710 Turno
245 1663 357 1727 tempus
372 1651 433 1725 erit,
447 1655 550 1726 magno
562 1668 649 1728 quum
665 1645 803 1725 optaverit
817 1655 944 1725 emptum

129 1731 275 1790 Intactum
290 1729 427 1805 Pallanta,
442 1739 471 1786 et
484 1748 571 1806 quum
585 1727 674 1806 spolia
687 1728 742 1785 ista
754 1727 886 1804 diemque

129 1809 241 1869 Oderit.
282 1810 322 1868 At
335 1809 404 1866 socii
419 1808 506 1866 multo
521 1809 626 1884 gemitu
641 1807 829 1884 lacrymisque
923 1843 925 1850 =

130 1889 302 1966 Impositum
316 1897 395 1946 scuto
409 1887 534 1946 referunt
547 1885 677 1945 Pallante
689 1885 860 1963 frequentes.

130 1969 158 2027 0
174 1966 254 2024 dolor
267 1976 350 2043 atque
365 1967 452 2024 decus
467 1985 599 2042 magnum
615 1965 737 2023 rediture
751 1964 860 2041 parenti
870 1965 887 2020 l.

130 2047 208 2104 Haec
221 2053 251 2103 te
263 2046 355 2123 prima
368 2046 428 2102 dies
442 2044 518 2103 bello
533 2045 621 2120 dedit,
635 2044 698 2101 hrec
713 2045 813 2101 eodem
828 2042 926 2119 aufert,

131 2125 234 2196 Quum
247 2132 341 2182 tamen
356 2123 486 2200 ingentes
499 2124 672 2182 Rutulorum
685 2123 790 2199 linquis
805 2121 936 2180 acervos!

173 2201 237 2261 Nec
247 2205 308 2282 jam
321 2203 397 2262 suma
409 2203 477 2262 mali
490 2203 569 2278 tanti,
585 2203 634 2262 sed
649 2203 751 2260 certior
764 2210 861 2260 auctor

130 2281 258 2342 Advolat
271 2282 386 2357 AEneae,
400 2282 480 2341 tenui
493 2282 656 2342 discrimine
669 2281 719 2339 leti

131 2361 209 2418 Esse
223 2379 297 2437 suos,
312 2369 424 2438 tempus
437 2361 527 2420 versis
541 2379 705 2419 succurrere
719 2360 850 2420 Teucris.

131 2439 269 2497 Proxima
282 2458 402 2519 queque
416 2440 497 2500 metit
510 2439 613 2516 gladio,
627 2439 771 2516 latumque
784 2460 837 2518 per
850 2459 952 2517 agmen

131 2516 249 2576 Ardens
260 2517 381 2577 limitem
395 2519 453 2594 agit
465 2519 557 2591 serr03
579 2525 617 2592 te,
632 2518 739 2592 Turne,
755 2519 910 2596 superbum

133 2596 225 2654 Caede
239 2597 313 2653 novi
327 2615 465 2674 querens.
506 2595 611 2670 Pallas,
626 2596 771 2672 Evander,
785 2597 815 2654 in
829 2599 898 2674 ipsis

135 2674 241 2733 Omnia
254 2682 319 2733 sunt
332 2674 440 2746 oculis;
462 2691 579 2748 mensae,
595 2694 664 2750 quas
679 2676 789 2732 advena
800 2673 906 2752 primas

134 2754 220 2811 Tunc
235 2753 312 2826 adiit,
327 2753 492 2828 dextraeque
506 2752 589 2810 datae.
633 2753 770 2810 Sulmone
785 2761 892 2811 creatos

137 2832 269 2902 Quatuor
281 2830 328 2890 hic
338 2833 470 2908 juvenes,
485 2831 612 2905 totidem,
628 2851 697 2906 quos
711 2832 816 2889 educet
828 2831 929 2906 Useus,
954 2837 957 2846 '

135 2911 279 2968 Viventes
291 2910 372 2986 rapit,
386 2908 500 2966 inferias
515 2927 586 2982 quos
600 2909 730 2968 immolet
742 2909 860 2984 umbris,

137 2989 315 3066 Captivoque
329 2983 388 3064 rogi
402 2986 553 3064 perfundat
565 2989 702 3063 sanguine
715 2988 852 3046 flammas.

139 3068 210 3126 lude
225 3068 313 3143 Mago
326 3066 425 3143 procul
439 3065 579 3124 infensam
595 3068 780 3125 contenderat
792 3067 921 3141 hastam3

139 3146 192 3204 Ille
206 3154 268 3204 astu
282 3147 366 3220 subit,
382 3165 414 3204 ac
427 3145 614 3204 tremebunda
627 3146 788 3223 supervolat
800 3146 899 3206 hasta:
949 3190 952 3199 .

139 3226 179 3284 Et
192 3245 284 3302 genua
298 3223 472 3303 amplectens
487 3223 588 3282 effatur
601 3225 668 3283 talia
681 3225 821 3302 supplex:

138 3303 195 3362 Per
208 3305 311 3382 patrios
326 3322 432 3379 manes,
446 3323 498 3380 per
511 3323 575 3380 spes
589 3305 729 3380 surgentis
744 3305 809 3380 Iiili,

139 3383 184 3440 Te
197 3402 306 3460 precor,
319 3383 394 3441 hanc
408 3383 529 3453 animam
544 3402 639 3441 serves
653 3392 776 3461 natoque
789 3383 927 3461 patrique.
962 3381 964 3386 ’
1050 3389 1107 3443 525

140 3461 195 3519 Est
208 3463 307 3524 domus
320 3461 393 3520 alta:
410 3463 509 3540 jacent
521 3459 635 3539 penitirs
650 3463 761 3521 defossa
774 3463 880 3521 talenta
891 3507 893 3513 .

140 3540 243 3598 Caelati
257 3540 380 3615 argenti:
402 3548 469 3600 sunt
481 3541 540 3597 auri
554 3543 681 3617 pondera
693 3541 759 3600 sacti
860 3564 863 3568 ·

141 3617 300 3694 Infectique
315 3619 401 3676 mihi:
422 3637 479 3675 non
493 3617 541 3676 hic
554 3620 673 3678 victoria
685 3619 831 3678 Teucrirm

140 3697 276 3771 Vertitur,
292 3704 339 3753 aut
352 3696 445 3752 anima
458 3715 516 3753 una
531 3697 608 3755 dabit
621 3698 783 3756 discrimina
796 3707 881 3757 tanta.

140 3776 270 3833 Dixerat.
311 3774 420 3832 AEneas
435 3771 533 3832 contria
546 3775 593 3832 cui
606 3777 674 3834 talia
686 3778 797 3836 reddit:

141 3853 261 3930 Argenti
275 3859 358 3929 atque
372 3852 432 3909 auri
447 3871 584 3911 memoras
598 3874 662 3931 quae
677 3856 764 3924 multa
776 3855 892 3932 talenta,

143 3934 244 3991 Gnatis
256 3950 340 4010 parce
355 3931 428 3987 tuis:
448 3930 518 3988 belli
531 3935 701 3991 commercia
714 3935 830 3992 Turnus

144 4012 263 4070 Sustulit
275 4009 329 4068 ista
341 4010 425 4087 prior,
436 4010 495 4087 jam
509 4017 569 4068 turn
583 4010 711 4070 Pa'il'ante
724 4020 881 4089 perempto.
904 4055 906 4059 -
943 4057 945 4063 ,
