2540 4320
170 437 223 496 {m
561 421 739 488 AENEIDOS

172 589 245 660 Qun
259 605 335 646 nunc
349 584 452 644 deinde
466 601 544 640 moro
557 583 620 640 est?
640 589 691 638 sut
703 579 771 655 quid
780 580 851 655 jem,
862 579 970 657 Turne,
983 585 1131 641 remotes?

170 668 238 728 Non
253 683 344 736 cursu,
359 663 441 722 sevis
454 661 620 720 certandum
633 669 677 716 cst
690 658 959 724 comminuesrmis.
1080 667 1132 720 090

170 746 259 804 Verte
273 761 371 802 omnes
384 749 442 801 tete
455 741 484 798 in
497 739 595 813 iacies,
609 745 639 795 et
651 735 786 796 contrahe
798 736 937 812 quidquid

172 824 239 884 Sive
254 823 362 898 animis,
377 821 437 879 sive
450 826 518 892 erte,
533 816 631 888 veles3
652 822 720 892 opto
733 815 820 872 ardus
832 816 935 890 pennis

169 904 254 962 Astra
267 901 357 978 sequi,
371 899 555 972 clausumque
568 895 639 952 ceri
651 902 680 951 te
694 893 817 952 condere
830 893 912 952 terri.

171 981 233 1056 Ille,
248 988 492 1058 caputquussrns:
513 974 583 1032 Non
597 991 643 1030 me
657 982 706 1031 tue
719 971 827 1030 lerride
840 980 945 1032 terrent

170 1061 263 1136 Dicte,
277 1059 376 1129 lerox;
397 1053 426 1112 di
440 1071 486 1110 me
499 1059 604 1111 terrent
617 1059 646 1109 et
657 1051 769 1128 Jupiter
782 1049 879 1109 hostis
1081 1057 1134 1112 895

170 1139 201 1198 N
202 1157 235 1197 ec
248 1137 328 1217 plurs
341 1133 451 1208 effatus,
465 1150 565 1190 sexum
580 1129 773 1206 circumspicit
784 1129 901 1210 iugens,¹

172 1219 278 1276 Sexum
292 1214 446 1289 antiquum,
460 1211 570 1288 iugens,
585 1227 686 1286 compo
700 1207 775 1286 quod
787 1207 859 1267 iortd
868 1209 992 1302 jecebct,

170 1297 268 1354 Limes
283 1312 348 1370 egro
361 1290 479 1369 positus,
493 1289 573 1347 litem
586 1296 617 1347 ut
630 1288 804 1346 discerneret
817 1307 901 1346 ervis.

171 1372 231 1430 Vix
243 1372 316 1430 illud
330 1370 396 1428 lecti
408 1369 452 1427 bie
467 1387 518 1426 sex
532 1369 644 1426 cervice
657 1366 794 1440 subirent,

161 1451 278 1522 Qualia
290 1468 366 1508 nunc
379 1448 526 1516 hominnm
539 1446 670 1524 producit
682 1463 801 1522 corpore
812 1443 904 1503 tellus.

172 1528 226 1587 Ille
239 1547 325 1586 msnu
338 1536 448 1605 ruptum
462 1526 571 1603 trepidi
582 1523 730 1602 torquebat
742 1525 772 1582 in
785 1522 907 1599 hostem,

171 1607 264 1666 Altior
276 1607 433 1683 insurgens,
447 1612 477 1664 ct
488 1623 573 1662 cursu
588 1604 725 1677 concitus,
739 1602 832 1660 heros.

171 1687 231 1744 Sed
244 1704 336 1762 neque
350 1690 509 1744 currentem
524 1701 564 1757 se,
578 1700 633 1740 neo
646 1681 792 1757 cognoscit
804 1689 930 1757 euntem,

173 1763 371 1822 Tollentemve
383 1781 478 1836 menn,
493 1779 649 1838 sexumque
663 1761 786 1818 immune
800 1768 972 1818 moventem.

174 1843 277 1900 Genua
289 1842 402 1915 lebant3
424 1841 535 1918 gelidus
547 1839 692 1898 concrevit
704 1837 805 1914 frigore
819 1839 941 1916 sanguis.

173 1921 250 1980 Tum
263 1921 334 1998 lupis
345 1921 408 1998 ipse
421 1920 483 1995 viri,
497 1935 619 1978 vacuum
633 1917 781 1996 perinane
794 1917 918 1994 volutus,

173 1999 238 2060 Nec
252 1999 372 2078 spatium
382 1997 473 2058 evasit
484 2006 584 2073 totum,
597 2015 652 2056 nec
664 1995 780 2074 pertulit
791 1996 890 2054 ictum.

176 2081 217 2137 Ac
230 2078 350 2138 velutin
364 2078 479 2153 somnis,
494 2077 591 2136 oculos
604 2075 655 2134 ubi
667 2074 801 2150 languido
813 2074 915 2152 pressit

172 2157 204 2216 N
205 2167 267 2217 octe
281 2158 370 2234 quies,
385 2157 577 2234 nequidquam
591 2154 688 2213 avidos
701 2153 855 2212 extendere
868 2171 967 2212 cursus

172 2235 258 2294 Velle
271 2235 409 2312 videmur,
423 2236 495 2294 etin
509 2234 610 2294 mediis
623 2233 769 2292 conatibus
783 2233 851 2309 egri

176 2314 372 2388 succidimus3
393 2333 450 2372 non
462 2314 559 2389 lingua
568 2312 656 2387 uolet,
670 2329 729 2369 non
742 2330 858 2388 corpore
871 2319 946 2370 note

174 2391 327 2458 ,Sufficiunt
338 2393 431 2465 vires3
452 2409 505 2468 nec
518 2411 575 2450 vox
588 2397 637 2448 snt
648 2389 736 2448 verbe
749 2398 922 2466 sequuntur:
975 2414 980 2430 ¹

171 2469 224 2528 Sic
238 2470 345 2545 Turno,
356 2469 539 2547 quicumque
551 2469 627 2528 viam
640 2468 743 2527 virtute
756 2470 865 2546 petivit,
921 2538 925 2548 „

175 2549 345 2607 Successum
359 2549 413 2607 dee
426 2549 486 2606 dire
498 2556 590 2624 neget
632 2547 708 2605 Tum
720 2554 835 2624 pectore
848 2567 948 2608 sensus

175 2625 332 2686 Vertuntur
344 2627 421 2684 varii.
461 2626 584 2686 Rutulos
598 2626 742 2704 adspectet
755 2634 784 2694 et
797 2626 904 2702 urbem,

172 2707 390 2783 cunctaturque
404 2712 489 2781 metu,
504 2705 647 2782 telumque
659 2705 763 2763 instere
776 2705 929 2779 tremiscit3
988 2708 991 2714 ’

174 2785 240 2845 Nec
254 2782 309 2862 qud
323 2804 355 2843 se
368 2783 475 2861 eripiet,
489 2803 543 2842 nec
556 2785 612 2862 qui
625 2784 654 2842 vi
669 2783 766 2843 tendet
778 2784 808 2842 in
821 2783 942 2860 hostem,

175 2864 207 2924 N
208 2884 241 2922 ee
254 2883 350 2922 currus
363 2881 482 2941 usquam
495 2863 582 2939 videt,
596 2863 756 2938 eurigumve
771 2881 903 2922 sororem.

141 2999 144 3006 ,
212 2943 367 3001 Cunctanti
379 2941 468 3001 telum
481 2940 589 2999 AEnees
602 2940 685 2999 fatale
698 2949 834 3017 coruscet,

175 3021 297 3080 'Sortitus
310 3020 448 3081 fortunam
461 3019 559 3093 oculis,
574 3027 602 3077 et
615 3038 732 3096 corpore
745 3027 803 3078 toto

178 3100 299 3158 Eminus
313 3100 465 3177 intorquet.
503 3097 608 3155 Murali
621 3097 731 3155 concite
742 3117 890 3175 nunqunm

179 3177 332 3246 'formento
346 3179 386 3236 sic
400 3196 468 3236 sexa
480 3174 609 3250 fremunt,
623 3194 677 3248 nee
689 3174 807 3234 fulmine
820 3176 890 3234 tenti

179 3255 339 3313 Dissultent
351 3256 481 3332 crepitus.
522 3254 609 3311 Volet
622 3253 673 3310 etri
685 3253 804 3311 turbinis
816 3254 904 3312 instar
963 3293 965 3299 -

180 3331 311 3392 Exitium
324 3333 416 3390 dirum
429 3332 510 3390 haste
521 3330 633 3403 serens3
654 3348 773 3406 orasque
787 3331 908 3391 rceludit
959 3389 962 3394 Δ

181 3409 302 3485 Loricae‚
311 3418 345 3468 et
356 3409 450 3488 clypei
463 3416 603 3467 extremos
617 3409 807 3485 septemplicis
821 3409 920 3486 orbes:

79 3498 81 3504 '
181 3489 238 3546 Per
250 3489 374 3546 modium
388 3489 507 3546 stridens
520 3487 619 3545 nonsit
630 3486 730 3544 femur.
770 3486 874 3548 Incidit
886 3489 959 3547 ictus

183 3567 287 3642 Ingens
301 3567 336 3623 ed
350 3573 451 3624 terrum
464 3565 605 3640 duplicato
616 3564 725 3642 poplite
738 3565 861 3624 Turnus.

184 3645 364 3722 Consurgunt
377 3645 482 3719 gemitu
492 3643 605 3717 Rutuli,
617 3652 750 3720 'totusque
761 3645 883 3722 ‘remugit

184 3724 271 3783 Mens
284 3719 400 3798 circirm,
415 3731 443 3781 et
455 3741 554 3780 vocem
568 3721 623 3782 late
637 3741 753 3782 nemore
765 3724 820 3782 ulto
832 3723 984 3782 remittunt

186 3800 249 3876 llle,
263 3801 378 3858 humilii
392 3801 577 3877 supplexque,
585 3801 684 3859 oculos
698 3801 881 3878 dextrumque
893 3807 1056 3879 precantem
1083 3803 1155 3860 980

185 3879 379 3936 Protendens:
401 3879 545 3955 Equidem
559 3879 657 3953 merui,
669 3897 725 3936 nec
738 3879 882 3956 deprecor,
896 3879 1004 3957 inquit:

187 3953 276 4013 Utere
290 3965 363 4015 sorte
376 3957 433 4015 tui.
474 3957 574 4015 Miseri
585 3966 614 4016 te
626 3958 652 4014 si
663 3975 721 4032 que
731 3957 854 4033 parentis
