2540 4320
506 393 620 449 LIBER
638 393 702 451 ΧΠ.

114 545 213 604 Hasta
225 543 299 619 tulit,
313 563 493 622 summasque
507 545 633 604 excussit
645 547 752 605 vertice
766 547 873 607 cristas.
980 617 982 622 ¹

113 624 198 682 Tum
211 620 282 680 verd
297 633 447 699 assurgunt
459 625 523 697 iroe3
544 623 712 700 insidiisque
726 624 870 703 subactus,

114 702 259 760 Diversos
272 701 323 759 ubi
337 703 425 761 sensit
436 721 525 779 equos
535 701 708 780 currumque
722 703 829 781 referri,
949 763 952 768 ,
989 738 993 746 ·
1032 712 1089 764 495

114 779 218 839 Multa
230 781 332 839 lovem
347 789 376 839 et
388 776 449 840 laesi
462 790 580 840 testatus
592 781 708 840 ioederis
722 799 792 858 aras,

114 859 184 917 Jam
200 859 316 918 tandem
329 859 438 918 invadit
450 858 569 936 medios,
585 869 622 937 et,
637 861 730 920 Marte
746 863 870 920 secundo

115 938 281 1014 Terribilis,
297 956 402 997 suevam
416 939 493 997 nullo
508 939 671 1006 discrimine
685 940 794 998 caedem

117 1016 257 1094 Suscitat,
272 1017 433 1095 irarumque
447 1037 546 1076 omnes
560 1017 682 1076 effundit
694 1018 829 1078 habenas.
889 1061 892 1068 ·

105 1120 108 1128 ¹
159 1096 237 1168 Quis
251 1095 321 1154 mihi
335 1115 412 1155 nune
425 1104 466 1156 tot
479 1095 581 1155 acerba
594 1098 673 1172 deus,
684 1097 747 1174 quis
761 1098 885 1158 carmine
899 1100 993 1160 cades
1032 1106 1089 1160 500

116 1175 270 1251 Diversae,
284 1174 451 1252 obitumque
465 1176 571 1233 ducum
585 1193 657 1252 quos
670 1195 784 1253 equore
798 1185 857 1237 toto

118 1254 216 1331 Inque
229 1255 322 1312 vicem
337 1272 412 1312 nunc
427 1253 543 1312 Turnus
557 1253 623 1330 agit,
638 1272 714 1312 nunc
728 1255 832 1314 Troius
846 1257 939 1332 heros,

117 1333 287 1411 Expediet?
310 1332 434 1391 Tantou'
446 1333 554 1410 placuit
567 1345 736 1391 concurrere
749 1343 838 1410 motu,

116 1411 241 1490 Jupiter,
256 1411 363 1469 aeterni
375 1419 474 1486 gentes
488 1411 518 1468 in
530 1429 603 1488 pace
615 1411 739 1470 suturas!

116 1490 232 1561 AEneas
244 1488 384 1547 Rutulum
400 1489 556 1548 Sucronem
572 1487 623 1568 (ea
634 1491 725 1567 prima
737 1499 852 1550 ruentes
1033 1500 1089 1553 505
1178 1551 1181 1557 .

115 1561 224 1645 Pugna
236 1567 299 1626 loco
314 1568 411 1626 statuit
421 1568 563 1648 Teucros)
580 1569 658 1628 haud
671 1568 760 1628 mults
772 1579 896 1630 moratus

118 1647 242 1725 Excipit
255 1646 285 1704 in
298 1646 381 1720 latus,
396 1655 433 1722 et,
448 1647 504 1723 qud
517 1647 574 1706 fata
587 1648 742 1724 celerrima,
757 1650 876 1708 crudum
903 1667 906 1674 ’

118 1726 302 1802 Transadigit
316 1735 407 1785 costas
421 1734 450 1788 et
463 1735 554 1785 crates
566 1728 688 1804 pectoris
702 1731 809 1788 ensem.

118 1807 238 1864 Turnus
253 1824 328 1881 equo
342 1805 484 1884 dejectum
496 1806 640 1882 Amycum
653 1806 823 1884 fratremque
836 1807 945 1872 Dioren

119 1885 301 1961 Congressus
314 1884 412 1961 pedes,
427 1883 503 1942 huuc
518 1885 680 1943 venientem
695 1887 812 1963 cuspide
825 1887 919 1963 longi,

120 1964 212 2022 Hunc
225 1981 360 2021 mucrone
373 1961 455 2036 ferit3
476 1981 616 2040 curruque
630 1961 740 2022 abscisa
753 1964 874 2024 duorum

121 2041 279 2120 Suspendit
292 2040 392 2143 capita,
407 2050 436 2100 et
449 2042 569 2101 rorantia
582 2043 719 2120 sanguine
731 2051 832 2122 portat.

120 2121 177 2180 Ille
190 2120 293 2195 Talon,
309 2119 486 2198 laualmque
500 2123 574 2196 neci,
588 2120 746 2200 sortemque
760 2122 931 2201 Cethegum,

120 2199 196 2258 Tres
209 2219 266 2258 uno
280 2217 442 2278 congressu,
457 2206 486 2259 et
499 2209 629 2260 moestum
643 2202 730 2261 mittit
743 2202 867 2280 Onyten,

119 2277 238 2338 Nomen
252 2278 439 2356 Echionium,
453 2279 605 2358 matrisque
619 2299 709 2357 genus
723 2281 855 2342 Peridiae.

120 2357 181 2415 Hie
194 2357 292 2416 fratres
306 2357 396 2435 Lycii
409 2358 513 2418 missos
524 2368 553 2418 et
565 2360 707 2438 Apollinis
721 2361 804 2438 agris,

120 2436 163 2495 Et
171 2438 310 2515 juvenem
324 2456 443 2496 exosum
457 2439 648 2516 nequidquam
661 2437 738 2498 bella
750 2441 899 2500 Menoeten

120 2515 251 2588 Arcada3
271 2515 390 2592 piscosae
405 2517 453 2574 cui
467 2518 574 2575 circum
587 2516 706 2576 flumina
718 2520 820 2577 Lemre

104 2596 176 2652 ‘Ars
189 2593 288 2668 luerat,
302 2612 465 2671 pauperque
479 2597 597 2668 domus;
619 2615 673 2653 nec
687 2605 754 2655 nota
766 2597 914 2675 potentdm

120 2672 253 2745 Limina3
274 2671 469 2747 conductique
482 2681 563 2750 pater
575 2673 675 2731 tellure
689 2674 808 2734 serebat.
939 2670 953 2740 l

120 2753 166 2809 Ac
179 2749 257 2808 velut
269 2747 389 2809 immissi
402 2751 520 2808 dirersis
533 2751 659 2829 partibus
671 2752 753 2827 ignes

119 2831 258 2887 Arentem
271 2828 301 2885 in
315 2827 415 2886 silvam
429 2835 457 2886 et
469 2829 591 2904 virgulta
604 2831 733 2889 sonantia
745 2830 840 2903 lauro,

119 2909 180 2966 Aut
192 2906 242 2966 nbi
255 2907 376 2970 decursu
389 2906 485 2983 rapido
499 2908 535 2965 de
549 2907 691 2966 montibus
705 2909 769 2967 altis

120 2986 199 3046 Dsnt
213 2987 336 3046 sonitum
351 2985 598 3062 spumosi'smnes,
614 2987 685 3045 etin
699 3005 814 3064 aequora
827 2996 951 3064 currunt,

121 3066 251 3144 Quisque
265 3084 348 3124 suum
361 3064 512 3142 populatus
525 3065 592 3122 iter:
613 3084 670 3123 non
685 3063 800 3142 segnius
814 3065 898 3124 ambo

120 3141 229 3206 AEue'as
242 3145 416 3222 Turnusque
429 3149 514 3202 ruunt
526 3162 578 3221 per
590 3144 690 3221 proelia
699 3152 716 3202 τ’
727 3163 813 3220 nuuc,
827 3163 904 3204 nunc

120 3224 253 3284 Fluctuat
265 3225 307 3282 ira
319 3223 415 3296 intns3
437 3232 604 3300 rumpuntur
615 3225 714 3282 nescia
726 3225 804 3283 vinci

114 3303 258 3376 ,Pectora3
279 3321 355 3362 nnnc
369 3302 435 3362 totis
448 3301 477 3360 in
490 3302 726 3362 vulneraviribus
739 3304 802 3363 itur.

120 3379 288 3440 Murranum
302 3381 359 3458 hic,
374 3390 470 3456 atavos
484 3388 512 3439 et
525 3401 640 3440 avorum
655 3383 771 3459 antiqua
784 3391 932 3442 sonantem
1016 3395 1022 3406 ’

120 3460 257 3535 Nomina,
271 3479 324 3537 per
336 3479 473 3536 regesque
487 3469 580 3519 actum
595 3479 686 3536 genus
700 3480 785 3520 omne
800 3461 926 3538 Latinos,

120 3538 300 3614 Praecipitem
315 3539 432 3616 scopulo
446 3546 530 3613 utque
544 3539 666 3615 ingentis
679 3541 791 3599 turbine
805 3542 867 3600 saxi

120 3617 248 3689 Excutit,
260 3615 439 3693 'effunditque
453 3615 531 3674 solo:
552 3616 630 3676 hunc
643 3617 703 3676 lo'ra
716 3629 745 3678 et
753 3621 824 3698 juga
837 3619 933 3680 subter

119 3693 290 3755 Provolvdre
304 3703 382 3769 rotae,
396 3693 494 3752 crebro
507 3691 595 3771 'super
606 3698 713 3772 ungula
724 3698 809 3776 pulsu

121 3775 212 3834 lncita
224 3793 278 3832 nec
292 3773 402 3830 domini
414 3791 572 3830 memorum
586 3775 731 3850 proculcat
744 3795 891 3853 equorum.

120 3856 173 3913 Ille
187 3851 280 3912 ruenti
293 3851 382 3928 Hyllo
397 3851 552 3928 animisque
566 3852 689 3910 immane
704 3855 834 3913 frementi

121 3933 259 4010 Occurrit,
273 3931 418 4008 telumque
433 3939 535 4000 aurata,
543 3931 577 3989 ad
590 3938 718 4010 tempora
730 3941 861 4010 torquet:
