2712 4488
506 426 619 482 traua
634 428 682 482 Ill.
714 415 716 420 ¹
1027 433 1078 488 241

103 575 187 634 A'era
200 595 251 653 per
265 584 403 650 tenerum,
418 575 600 652 stomachoq-
603 595 619 634 e
631 577 722 636 infixa
733 576 787 636 sub
801 578 941 638 altum

107 655 216 713 Pectus
226 655 308 728 abit;
329 654 421 713 reddrt
433 672 536 747 specus
550 655 601 713 atri
614 655 739 714 vulneris
752 658 950 718 undamtffl
1061 663 1079 716 0

8 779 12 788 ‚
107 735 311 809 Spumantem,
326 741 355 791 et
368 733 425 790 fixo
439 725 565 790 sef‘rum
557 753 587 790 ιιι
600 733 747 810 pulmone
750 737 935 828 tepescit.

105 813 188 870 Tum
199 812 348 900 Meropem
358 820 441 887 atque
450 811 607 902 Fuymantn
615 831 710 904 ιιιιιιιιι,
719 821 779 872 tum
789 815 889 873 sternit
896 777 1078 908 Aphidnum

106 891 188 948 Τιιιιι
203 879 298 948 Bitia'n
313 891 457 949 ardentem
459 883 587 981 oculis,
589 891 746 981 animisque
759 876 937 968 frementem,

105 969 137 1026 N
140 988 178 1024 on
189 968 297 1062 jaculo,
311 987 405 1045 neque
419 968 496 1028 euim
506 969 605 1054 jaculo
617 969 704 1026 vitam
717 970 766 1028 ille
779 971 924 1063 dedisset,

108 1047 169 1104 Sed
184 1044 318 1123 magnum
332 1039 452 1106 strideris
466 1055 593 1104 contorte
604 1037 720 1108 salirica
732 1049 819 1124 venit,
937 1064 940 1071 ·
1022 1054 1078 1108 705

106 1125 254 1184 Fulminis
269 1135 330 1184 acta
343 1127 428 1184 modo
429 1144 536 1201 ,quam
551 1143 604 1183 nec
620 1127 676 1184 duo
689 1136 785 1186 taurea
798 1137 885 1205 terga,

64 1223 68 1231 ·
106 1205 138 1262 N
140 1223 175 1261 ec
180 1204 297 1297 duplici
311 1205 428 1281 squama
429 1169 530 1262 'lorica
542 1203 634 1261 tidelis
647 1212 677 1263 et
690 1225 757 1264 auro

108 1283 187 1341 Sust
167 1283 270 1342 tmuit.
292 1283 417 1360 collapsa
429 1291 515 1352 ruunt
528 1282 663 1340 immania
676 1284 883 1375 ιιιιιιιιιιιιιιιι
833 1265 913 1338 iota

106 1361 168 1420 Dat
181 1362 266 1420 tellus
280 1362 426 1437 gemitum,
442 1369 471 1418 et
483 1359 615 1436 clypeum
629 1379 715 1437 super
727 1363 857 1422 intonat
849 1303 968 1440 ingeris.

108 1440 235 1510 Qualis'
228 1459 257 1497 m
272 1439 403 1499 Euboico
417 1438 551 1496 Baiarum
565 1439 658 1496 littore
671 1441 819 1515 quondam

108 1519 206 1576 Saxea
219 1518 277 1594 pila
290 1518 375 1592 cadit,
390 1517 499 1592 magnis
513 1536 598 1608 quam
612 1516 734 1586 molibus
749 1517 814 1578 aute

107 1598 311 1656 Constructam
324 1603 418 1689 ponto
422 1595 550 1673 jaciunt:
572 1595 612 1652 sic
627 1577 678 1654 illa
688 1597 799 1656 ruinam

106 1671 205 1734 Prona
219 1675 312 1750 tmhit,
325 1671 497 1766 penitusque
510 1675 590 1734 vadis
603 1675 681 1734 illisa
689 1676 853 1736 recumbit.

107 1755 238 1812 Miscent
251 1773 281 1812 se
296 1753 396 1828 maria,
407 1763 436 1812 et
449 1753 536 1829 nigrae
551 1755 716 1812 attolluntur
728 1773 841 1830 areuae;

107 1834 187 1890 Tum
201 1833 294 1892 sonitu
309 1832 451 1908 Prochyta
465 1833 520 1890 alta
533 1833 635 1908 tremit,
650 1835 808 1911 durumque
822 1834 915 1894 cubile

61 1965 65 1968 .
108 1912 234 1970 Inarime
247 1911 326 1970 Jovis
340 1912 467 1988 imperiis
479 1912 602 1989 imposta
616 1912 764 1989 Typhoeo.

147 1989 207 2049 Hic
221 1991 300 2049 Mars
315 1991 486 2068 armipotens
500 1991 625 2058 animum
638 1992 768 2067 viresque
782 1992 892 2051 Latinis
914 2021 917 2030 ι

100 2069 238 2144 'Addidit
253 2078 281 2128 et
294 2068 422 2128 stimulos
437 2087 514 2128 acres
528 2069 582 2129 sub
595 2077 710 2146 pectore
724 2071 825 2143 vertit;

109 2148 290 2224 Imminitque
304 2148 397 2224 lugam
412 2148 532 2206 Teucris
546 2157 692 2224 atrumque
703 2149 844 2220 timorem.

108 2227 246 2302 Undique
261 2227 444 2301 conveniunt,
460 2227 594 2303 quoniam
608 2228 672 2284 data
686 2228 768 2304 copia
779 2245 895 2305 pugnae,

107 2305 291 2382 Bellatorque
305 2307 413 2364 animos
427 2306 497 2364 dens
510 2306 631 2364 incidit·
658 2363 660 2367 .

108 2385 265 2460 Pandarus,
280 2394 312 2443 ut
325 2385 387 2443 suso
401 2405 565 2462 germanum
580 2402 696 2463 corpore
710 2383 814 2461 cernit,

108 2465 149 2524 Et
163 2482 219 2540 quo
233 2463 269 2522 sit
280 2464 477 2539 fortunaloco,
493 2464 541 2540 qui
555 2483 638 2522 casus
652 2470 716 2538 agat
729 2481 786 2538 res,

107 2543 223 2600 Portam
237 2562 266 2600 vr
258 2542 370 2601 m'ultri
382 2555 519 2604 converso
533 2542 646 2610 cardine
661 2549 779 2618 torquet,

109 2621 241 2679 Obnixus
254 2621 317 2678 latis
330 2621 465 2694 humeris,
480 2599 640 2710 multosque
654 2639 769 2677 suorum

108 2697 257 2757 Moenibus
271 2699 401 2756 exclusos
415 2698 507 2754 duro
499 2716 529 2754 m
544 2697 699 2772 certamina
710 2695 831 2774 linquit:

109 2781 164 2836 Ast
177 2777 246 2834 alios
261 2795 357 2834 secum
371 2775 492 2832 includit
504 2775 659 2850 recipitque
672 2784 804 2847 ruentes;

108 2851 256 2913 Demens!
279 2873 327 2930 qur
319 2853 502 2910 ''Rutulum
493 2872 522 2909 m
537 2853 632 2910 medio
645 2871 703 2910 non
717 2854 830 2928 agmine
843 2871 942 2928 regem

109 2933 222 2992 Viderit
234 2933 446 3008 irrumpentem,
461 2931 590 3004 ultroque
604 2930 749 2988 incluserit
761 2930 835 3007 urbi,

111 3013 269 3070 lmmauem
282 3011 370 3068 veluti
383 3026 487 3086 pecora
499 3009 573 3067 inter
586 3009 687 3066 inertia
699 3009 802 3085 tigrim.

112 3087 258 3150 Continuo
274 3109 347 3147 nova
360 3088 410 3146 lux
424 3087 513 3145 oculis
527 3086 641 3163 effnlsit,
656 3095 684 3144 et
697 3107 774 3145 arma

111 3165 293 3228 Horrendirm
308 3165 448 3238 ιοιιιιόιιιι
469 3173 592 3224 tremunt
604 3166 635 3222 in
647 3166 754 3224 vertice
768 3167 858 3224 criste

112 3248 290 3324 Sanguineae,
304 3247 463 3338 clypeoque
475 3243 609 3303 micantia
621 3243 742 3302 fulmina
753 3246 846 3306 mittit.

111 3329 278 3403 Agnoscunt
290 3325 413 3384 faciem
406 3324 525 3384 invisam
540 3324 646 3400 atque
638 3324 773 3382 immania
786 3322 913 3382 membra

1 3473 4 3483 y
110 3405 228 3463 Turbati
242 3401 333 3462 subitd
348 3404 496 3461 AEneadae
537 3402 612 3460 Tum
627 3402 794 3476 Pandarus'
786 3421 885 3487 iugens

111 3483 234 3558 Emicat,
249 3491 286 3556 et,
300 3483 396 3540 mortis
410 3481 538 3539 fratemae
551 3480 700 3540 fervidus
690 3481 743 3556 rid,

111 3561 237 3620 Effatur·
258 3561 325 3618 Non
338 3560 402 3617 lraec
416 3559 515 3617 dotalis
529 3559 606 3634 regia
618 3560 738 3634 Amata,

111 3641 175 3699 Nec
190 3640 275 3698 muris
290 3638 513 3714 cohibet-patriis
526 3637 621 3694 media
632 3638 728 3694 Ardea
740 3637 891 3694 Turnum:

112 3720 210 3778 Castra
223 3717 339 3784 inimica
349 3715 447 3786 vides3
468 3714 545 3771 nulla
558 3714 625 3772 hinc
639 3715 715 3773 exire
729 3723 861 3792 potestas

40 3811 42 3816 “
112 3797 170 3856 Olli
185 3796 331 3856 subridens
345 3794 442 3851 sedato
455 3800 568 3868 pectore
581 3792 711 3851 Turnus:

49 3911 53 3922 ·
113 3875 255 3953 Incipe,
233 3895 257 3932 ιι
271 3893 327 3965 qua
340 3872 435 3931 animo
448 3871 545 3945 virtus,
560 3878 588 3928 et
601 3890 717 3929 consere
731 3871 881 3943 dextram3.

113 3954 169 4014 Hic
184 3955 268 4013 etiam
282 3952 429 4009 inventum
443 3949 555 4006 Priamo
568 3949 692 4006 narrabis
706 3949 860 4056 Achillem
