2712 4488
204 501 258 558 atr
601 499 780 558 AENEIDOS

202 651 305 712 Amnis
318 660 347 712 et
360 649 518 710 Hadriacos
531 658 605 710 retro
617 649 690 726 fugit
702 650 824 708 Aufidus
835 647 935 710 undas.
1113 656 1176 714 tus

202 731 260 790 Vel
275 750 363 809 quum
376 749 407 789 se
420 730 556 808 pavidum
569 736 667 788 oontm
679 747 744 787 mea
752 729 847 807 jurgia
858 729 940 806 fingit

202 809 329 868 Artificis
342 809 444 885 scelus,
459 817 488 868 et
500 807 651 866 formidine
664 807 771 866 crimen
785 807 907 868 acerbat.

201 887 358 967 Nunquam
372 888 495 947 animam
508 887 594 945 talem
607 885 708 946 dextri
720 885 786 962 nto,
800 885 904 946 absiste
917 885 1036 964 moveri,

202 967 343 1041 Amitter;
365 966 474 1048 habitet
486 973 592 1039 tecum,
606 972 636 1024 et
649 964 686 1024 rit
697 969 813 1042 pectore
826 963 856 1024 in
871 965 934 1026 isto.

240 1046 328 1106 Nunc
342 1046 378 1105 ad
391 1053 429 1122 te,
438 1054 474 1112 ¹et
484 1053 533 1103 tua
546 1062 657 1119 magua,
671 1051 760 1120 pater,
774 1043 905 1104 consulta
916 1051 1050 1104 revertor.
1109 1051 1171 1106 410

204 1123 234 1182 si
248 1124 355 1184 nullam
367 1124 470 1183 nostris
482 1119 556 1181 ulturi
568 1132 649 1198 spem
662 1121 745 1199 ponis
758 1121 787 1182 in
802 1122 896 1197 unu,

204 1201 235 1261 si
247 1211 305 1262 tam
317 1203 422 1262 deserti
436 1219 542 1276 sumus,
557 1209 586 1259 et
599 1199 688 1260 semel
702 1200 815 1276 agmine
828 1219 911 1260 verso
1011 1205 1013 1211 '

201 1279 349 1342 Funditns'
357 1281 521 1356 occidimus,
534 1298 630 1356 neque
643 1277 731 1337 habet
742 1278 854 1338 fortuna
866 1297 1045 1356 regressum
1116 1315 1118 1322 ·

202 1359 324 1419 Oramus
336 1377 446 1438 pacem,
461 1366 490 1418 et
503 1357 782 1418 dextrastendamus
790 1356 905 1420 inertes.
1054 1383 1055 1388 ¹

202 1437 373 1516 Quanquam
386 1457 403 1496 o
417 1439 441 1497 si
454 1437 543 1500 solita
553 1437 711 1514 'quidquam
724 1435 835 1496 virtutis
848 1437 961 1498 adesset
973 1479 981 1498 .
997 1480 1004 1498 .
1020 1481 1028 1500 .
1107 1445 1167 1500 415

202 1516 255 1574 Ille
269 1517 339 1576 mihi
353 1524 417 1576 ante
431 1516 510 1592 alios,
524 1517 736 1591 fortunatusque
749 1515 887 1593 laborum,

202 1595 398 1672 Egregiusque
412 1594 507 1672 animi,
521 1596 580 1672 qui,
594 1614 631 1654 ne
644 1593 713 1671 quid
725 1594 782 1652 tale
795 1595 914 1672 videret,

201 1674 357 1734 Procubuit
369 1675 501 1750 moriens,
516 1682 545 1734 et
552 1675 677 1733 bumum
690 1673 778 1730 semel
792 1693 841 1732 ore
854 1676 1013 1736 momordit.

203 1753 252 1811 Sin
268 1762 297 1813 et
309 1772 377 1832 opes
390 1752 482 1828 nobis,
496 1760 525 1811 et
538 1753 630 1810 adhuc
643 1752 748 1810 intacta
756 1753 902 1829 juventus,

201 1832 299 1892 Auxili
337 1852 373 1892 ue
386 1833 470 1891 urbes
484 1830 563 1890 Italae
575 1830 730 1910 populique
744 1841 915 1908 supersunt3
1002 1847 1004 1852 '
1036 1831 1037 1834 ’

203 1911 253 1970 Sin
267 1920 297 1971 et
336 1911 439 1992 rojanir
452 1929 519 1968 cum
532 1910 622 1969 multo
635 1908 723 1988 gloria
734 1909 817 1968 veuit

203 1991 365 2067 Sanguine3
386 1997 452 2050 sunt
464 1988 520 2047 illis
533 2008 584 2048 sua
596 1990 704 2062 lunera,
718 2005 824 2066 parque
836 2009 888 2067 per
900 2009 999 2054 omnes

201 2068 387 2149 Tempestas:
409 2079 459 2128 our¹
472 2069 621 2130 indecores
634 2067 664 2126 in
678 2067 777 2128 limine
790 2068 882 2144 primo
957 2095 959 2100 v

200 2147 379 2208 Deficimus?
399 2167 450 2208 our
463 2155 528 2207 tnte
541 2146 638 2207 tubam
650 2154 757 2206 tremor
769 2156 891 2225 occupat
903 2150 1001 2210 artus?

200 2226 294 2286 Multa
308 2228 378 2306 dies,
391 2228 542 2305 variusque
555 2227 635 2286 labor
647 2221 789 2310 mutabilis
803 2227 858 2286 nvi

199 2305 310 2366 Retulit
322 2307 352 2366 in
366 2307 487 2368 melius:
508 2306 611 2366 multos
624 2305 732 2364 alterna
745 2304 878 2366 revisens

200 2384 290 2461 Lusit,
305 2393 334 2444 et
346 2386 375 2444 iu
390 2385 480 2444 solido
493 2387 588 2444 rursus
601 2386 712 2444 fortuna
724 2384 836 2444 locavit

200 2460 267 2519 Non
282 2463 335 2522 erit
348 2464 454 2522 auxilio
467 2462 549 2522 nobis
564 2463 686 2538 AEtolus,
701 2464 833 2540 etArpi:

199 2541 239 2599 At
251 2541 402 2620 Messapus
416 2544 476 2617 erit,
490 2535 615 2621 felixque
629 2538 809 2618 Tolumnius,
823 2549 853 2601 et
865 2561 936 2626 quos

199 2620 256 2679 Tot
268 2621 368 2699 populi
380 2619 482 2682 misire
497 2621 603 2694 duoes;
623 2639 678 2679 nec
692 2621 772 2679 tarda
783 2629 917 2699 sequetur

200 2699 298 2758 Gloria
311 2701 436 2760 delectos
450 2700 532 2759 Latio
546 2708 575 2760 et
588 2699 778 2759 Laurentibus
792 2701 874 2778 agris.

200 2779 254 2837 Est
267 2787 296 2838 et
308 2779 477 2840 Volscorum
491 2779 606 2860 egregit
619 2780 655 2838 de
669 2787 754 2856 gente
767 2779 900 2857 Camilla,

199 2859 311 2934 Agmen
326 2877 412 2937 agens
426 2859 554 2938 equitum
568 2867 598 2918 et
609 2859 743 2928 florentes
755 2867 818 2920 'aere
827 2867 963 2920 catervas.

200 2935 285 3007 Quod
301 2939 325 2997 si
338 2957 384 2998 me
397 2938 489 2998 solum
503 2939 612 2997 Teucri
622 2938 653 3006 in
666 2941 820 2998 certamina
832 2946 962 3018 poscunt,

200 3015 290 3093 ldque
303 3018 406 3094 placet,
421 3008 683 3093 tantumqne‘bonis
696 3019 895 3077 communibus
909 3017 989 3077 obsto
1000 3036 1008 3090 3

198 3095 229 3154 N
230 3115 267 3152 on
281 3093 352 3154 adeb
366 3096 417 3155 has
431 3116 518 3156 exosa
530 3115 632 3156 monus
645 3098 762 3156 victoria
774 3097 855 3175 fugit,
1019 3097 1021 3101 ’

198 3173 240 3233 Ut
253 3175 330 3233 tanti
343 3175 560 3253 quidquam‘pro
571 3195 624 3253 spe
637 3183 745 3235 tentare
756 3194 896 3235 recusem.

199 3250 251 3308 Ibo
265 3253 366 3311 animis
380 3251 495 3327 contria3
516 3254 563 3311 vel
577 3271 711 3330 magnum
723 3262 839 3331 praestet
851 3252 1005 3329 Achillem,

198 3329 343 3405 Factaque
357 3331 481 3389 Vulcani
493 3332 624 3389 manibus
637 3332 715 3407 paria
727 3331 826 3392 induat
839 3349 916 3390 arma

199 3405 252 3463 llle
265 3405 341 3466 licet
382 3409 474 3467 Vobis
487 3409 610 3466 animam
623 3408 697 3467 lrsuc
711 3427 866 3487 soceroque
879 3409 991 3487 Latino,

198 3483 314 3543 Turnus
328 3503 390 3560 ego,
405 3485 481 3545 haud
495 3486 546 3544 ulli
560 3494 686 3546 veterum
700 3488 803 3547 virtute
817 3487 969 3566 secundus,

198 3563 319 3620 Devovi.
357 3563 460 3627 ‚Solum
474 3562 583 3630 AEn’eas
595 3574 696 3625 voest:
719 3574 748 3625 et
760 3576 844 3626 vocet
856 3583 914 3626 oro.

197 3642 229 3702 N
230 3661 263 3700 ec
277 3642 406 3701 Drances
419 3641 524 3720 potiris,
538 3645 598 3703 sive
612 3653 656 3704 est
668 3645 731 3704 beo
740 3647 785 3704 -ira
797 3647 924 3723 deorum,

198 3721 293 3780 Morte
306 3720 381 3796 luat,
403 3721 463 3781 sive
477 3724 521 3782 est
532 3723 621 3782 virtus
634 3733 663 3784 et
675 3725 772 3801 gloria,
786 3725 874 3784 tollat

236 3800 283 3858 Illi
296 3800 359 3859 haec
371 3802 445 3862 iuter
458 3821 489 3859 se
503 3803 596 3860 dubiis
610 3803 645 3862 de
657 3804 743 3862 rebus
757 3804 879 3880 agebant

198 3878 346 3938 Certantes
359 3883 371 3937 :¹
387 3888 477 3939 castra
489 3881 598 3939 AEueas
612 3881 760 3958 aciemque
773 3883 915 3944 movebat.

197 3953 325 4015 Nuntius
338 3959 446 4034 ingenti
459 3958 599 4036 petregio
612 3966 686 4017 tecta
699 3960 820 4020 tumultu

198 4033 276 4094 Ecce
290 4037 353 4108 ruit,
368 4039 534 4115 magnisque
548 4036 646 4095 urbem
660 4037 810 4096 terroribus
823 4039 939 4116 implet;
