3076 4514
604 368 717 424 Laeua
736 370 770 424 V.

204 514 318 593 Totque
332 532 408 591 sues,
422 515 540 574 totidem
554 515 697 592 nigrantes
711 522 959 598 tergaJnvancos:

204 593 338 674 Vinaque
352 593 488 652 fundebat
500 596 614 670 pateris,
631 597 811 674 animamque
825 599 945 660 vocabat

203 673 339 732 Anchise
354 673 633 751 magni,.Manesque
647 675 810 734 Acheronte
823 677 965 738 remissos.

203 751 340 810 Necnon
355 759 384 810 et
396 751 475 828 socii,
490 753 671 830 quaerique
686 762 729 812 est
742 755 832 832 copia,
847 756 906 816 laeti
1064 815 1066 820 .

204 830 291 888 Dona
303 831 407 906 ierunt,
421 838 596 908 onerantque
609 851 679 907 aras,
693 841 874 912 mactantque
882 837 1042 913 juvencos:

205 908 313 968 Ordine
327 909 419 968 ahena
432 909 528 968 locant
541 911 605 984 alii;
627 911 739 987 lusique
753 931 805 989 per
817 913 936 974 herbam

206 988 366 1125 Suppiciunt
378 987 502 1047 verubus
514 1008 628 1066 prunas,
642 999 672 1049 et
684 990 919 1058 visceratorrent

272 1075 418 1144 aspectata
431 1068 492 1125 dies
506 1069 611 1144 aderat,
625 1088 787 1146 nonamque
801 1074 902 1131 sereni

203 1149 342 1206 Auroram
356 1146 544 1206 Phaethontis
558 1147 625 1224 equi
634 1149 696 1226 jam
709 1148 773 1206 luce
787 1148 947 1212 vehebant:

104 1261 108 1266 ·
204 1226 352 1304 Famaque
365 1225 500 1284 finitimos
514 1234 543 1284 et
555 1227 623 1284 clari
636 1245 741 1285 nomen
755 1228 868 1288 Acestae

204 1305 358 1363 Excierat:
380 1304 446 1363 laeto
460 1303 635 1381 complerant
647 1305 741 1363 littora
754 1315 839 1381 caetu,

204 1383 302 1442 Visnri
316 1383 472 1457 AEneadas
486 1402 568 1460 paras
581 1391 610 1441 et
623 1391 730 1442 certare
743 1386 842 1460 parati.

203 1462 328 1521 Munera
340 1460 479 1540 principio
493 1470 558 1519 ante
571 1461 668 1520 oculos
682 1463 815 1539 circoque
828 1464 957 1524 locantur
1041 1524 1043 1529 ,

203 1541 238 1599 In
253 1541 367 1614 medio;
389 1540 461 1598 sacri
474 1541 608 1617 tripodes,
622 1541 785 1618 viridesque
798 1561 920 1619 coronae,

203 1619 245 1679 Et
256 1620 369 1697 palmae,
383 1619 505 1696 pretium
518 1614 691 1694 victoribus,
712 1639 854 1698 armaque,
869 1630 899 1680 et
911 1629 987 1682 ostro

203 1699 330 1758 Perfusae
344 1703 449 1774 vestes,
464 1699 572 1775 argenti
586 1699 702 1776 aurique
716 1699 841 1758 talenta:

203 1779 245 1837 Et
257 1777 326 1837 tuba
339 1779 505 1836 commissor
519 1778 613 1836 medio
627 1779 705 1838 canit
718 1797 820 1856 aggere
833 1779 924 1838 ludos.

240 1857 339 1916 Prima
350 1876 433 1934 pares
446 1857 548 1916 ineunt
561 1857 692 1933 gravibus
706 1859 861 1916 certamina
873 1858 959 1926 remis

204 1938 335 2009 Quatuor
348 1955 386 1995 ex
399 1937 478 2004 omni
491 1935 610 1994 delecta
625 1936 715 1995 classe
729 1937 841 1995 carinae.

202 2016 343 2084 Velocem
357 2015 528 2074 Mnestheus
540 2015 600 2092 'agit
613 2016 671 2073 acri
685 2016 792 2092 remige
806 2016 922 2093 Pristin,

202 2095 276 2153 Mox
290 2095 382 2154 Italus
391 2093 572 2170 Mnestheus,
587 2113 676 2170 genus
691 2114 707 2153 a
720 2115 778 2172 quo
790 2095 907 2154 nomine
920 2095 1063 2172 Memmi;

203 2174 409 2253 lugentemque
423 2174 501 2250 Gyas
515 2173 623 2250 ingenti
636 2173 712 2234 mole
726 2174 910 2251 chimeram,
1017 2229 1019 2238 ,

201 2253 290 2314 Urbis
304 2273 384 2332 opus,
399 2253 502 2330 triplici
514 2253 605 2330 pubes
618 2273 703 2331 quam
716 2253 851 2312 Dardana
863 2273 947 2314 versu

152 2387 156 2394 .
203 2333 367 2411 lmpellunt,
381 2341 462 2393 terno
476 2342 648 2409 consurgunt
661 2333 760 2391 ordine
773 2332 863 2406 remi,

204 2412 418 2489 Sergestusqne,
433 2411 533 2470 domus
547 2419 626 2471 tenet
639 2433 656 2470 a
668 2431 725 2489 quo
740 2413 838 2489 Sergia
851 2431 966 2490 nomen,

202 2491 346 2551 Centauro
359 2490 503 2550 invehitur
515 2491 637 2568 magnia5
660 2491 812 2569 Scyllaque
826 2491 986 2552 Cloanthus

156 2601 158 2606 v
202 2570 342 2646 caerulea,
357 2587 446 2646 genus
459 2570 536 2628 unde
549 2569 610 2645 tibi,
624 2570 758 2628 Romane
772 2570 897 2630 Cluenti.

240 2648 295 2707 Est
311 2648 410 2725 procul
423 2648 453 2705 in
466 2648 692 2726 pelago-saxum,
706 2649 867 2727 spumantia
879 2657 977 2708 contra

117 2753 118 2758 ¹
201 2726 318 2802 Libora,
333 2727 408 2803 quod
421 2725 537 2784 tumidis
550 2725 726 2786 submersum
739 2727 867 2786 tunditur
879 2727 948 2786 olim

200 2805 360 2880 Fluctibus,
374 2803 487 2862 hiberni
501 2804 628 2862 condunt
639 2805 690 2862 ubi
704 2805 796 2862 sidera
809 2804 896 2864 Cori:

201 2884 367 2962 Tranquillo
381 2883 454 2957 silet,
468 2882 641 2959 immotique
656 2882 790 2942 attollitur
803 2882 880 2940 undis
1015 2953 1017 2957 Ι

201 2965 338 3042 Campus,
353 2969 382 3021 et
395 2961 496 3038 apricis
510 2961 592 3019 statio
606 2961 763 3036 gratissima
776 2954 903 3036 margia*

200 3043 260 3103 Hic
273 3043 394 3103 viridem
407 3041 517 3099 AEneas
525 3038 672 3099 'frondenti
682 3059 723 3098 ex
735 3039 801 3098 ilice
815 3047 920 3098 metam

200 3121 357 3182 Constituit
369 3121 483 3198 signum
497 3119 590 3177 nautis
602 3126 690 3197 pater,
704 3119 781 3178 unde
795 3118 898 3178 reverti

202 3203 323 3278 Scirent,
338 3210 367 3260 et
379 3201 480 3276 longos
493 3198 543 3257 ubi
557 3197 779 3257 circumflectere
793 3217 899 3257 cursus.

200 3282 276 3340 Tum
289 3281 352 3340 loca
365 3288 439 3339 sorte
452 3278 570 3355 legunt3
591 3278 701 3355 ipsique
714 3277 745 3336 in
757 3277 901 3355 puppibus
915 3297 982 3337 auno
1072 3299 1077 3308 ·

200 3361 342 3419 Ductores
355 3355 439 3435 longa
454 3357 592 3433 effulgent
604 3364 737 3433 ostroque
751 3356 857 3416 decori.

201 3440 314 3498 Cretera
325 3437 449 3516 populari
462 3436 572 3494 velatur
584 3435 683 3493 irondc
693 3439 838 3513 juventus,

81 3512 84 3519 ’
199 3519 231 3578 N
232 3519 388 3592 udatosque
401 3515 534 3574 humeros
549 3513 613 3572 oleo
625 3513 740 3590 perlusa
752 3515 883 3575 nitescit:

201 3595 361 3657 Considunt
373 3594 509 3669 transtris,
522 3594 687 3670 intentaque
700 3593 816 3652 brachia
829 3593 913 3652 remis
926 3612 935 3666 ς

172 3723 177 3738 ,
201 3674 308 3736 Intenti
321 3679 488 3749 exspectant
500 3673 632 3748 signnm;
654 3672 880 3750 exsultantiaque
893 3669 988 3729 haurit

201 3755 297 3816 Corda
308 3771 395 3831 pavor
407 3752 533 3828 pulsans,
546 3750 720 3827 laudumque
734 3760 840 3810 arrecta
853 3749 965 3826 cupido.

201 3835 284 3909 Inde,
297 3832 347 3891 nbi
360 3830 436 3889 clara
448 3829 527 3887 dedit
539 3829 662 3888 sonitum
675 3829 753 3906 tuba,
767 3829 872 3889 finibus
886 3846 994 3902 omnes,

201 3914 289 3973 Haud
303 3930 391 3987 mora,
405 3905 562 3988 prosiluere
575 3907 652 3981 snis;
673 3907 737 3967 serit
750 3908 856 3966 aethera
868 3905 975 3964 clamor
