3076 4514
556 362 669 418 arnna
687 362 724 418 11.
762 431 767 440 ‚

153 513 221 572 Vix
234 533 269 572 ea
281 513 354 572 satus
368 531 455 587 erana,
469 512 576 590 gemitu
590 533 678 591 quum
691 513 759 573 talia
770 514 879 574 reddit:

154 592 252 652 Venit
266 611 376 652 summa
388 592 449 650 dies
463 601 492 652 et
504 591 687 651 ineluctabile
700 601 811 671 tempus

48 679 49 697 i
155 670 332 730 Dardaniae:
352 671 457 730 fuimus
471 671 580 744 Trois}
601 671 655 730 suit
668 671 762 746 Ilium,
777 672 919 748 otingens
1068 678 1124 732 325

158 749 262 808 Gloria
275 749 467 808 Teucrorum:
488 749 564 808 ferus
578 751 673 808 omnia
685 743 900 830 Jupiter-argos

157 827 335 887 Transtulit:
357 829 473 887 incensi
487 829 582 887 Danai
595 829 774 888 dominantur
786 830 817 888 in
829 830 908 889 urbe.

157 907 277 964 Arduus
291 916 411 966 armatos
424 907 526 967 mediis
539 908 569 966 in
578 908 724 968 ‘maenibus
738 909 850 968 adstans

158 985 271 1044 Fundit
284 1005 393 1064 eqnns;
414 987 561 1064 victorque
577 987 666 1046 Sinon
679 987 814 1046 incendia
825 989 926 1048 miscet

160 1064 322 1124 Insultans:
342 1065 430 1143 portis
444 1066 491 1124 alii
505 1065 698 1144 bipatentibus
713 1067 823 1142 adsum,
1068 1072 1136 1126 330

159 1142 258 1201 Millia
270 1153 338 1221 quot
351 1145 460 1220 magnis
473 1164 598 1223 unquam
611 1142 716 1202 vendre
727 1145 872 1222 Mycenis,

160 1221 311 1282 Obseddre
322 1225 369 1282 alii
380 1224 444 1283 telis
458 1231 575 1298 angusta
587 1224 697 1282 viamnr

160 1301 313 1378 Oppositi:
335 1311 389 1361 stat
401 1303 468 1360 serri
481 1301 556 1360 acies
570 1319 706 1360 mucrone
720 1320 838 1360 corusco

161 1380 277 1455 Stricta,
291 1389 389 1457 parata
402 1381 483 1438 neci:
503 1379 554 1436 vix
566 1379 650 1456 primi
662 1379 762 1456 proelia
773 1388 883 1439 tentant

159 1459 311 1518 Portarum
323 1459 433 1537 vigiles,
448 1466 477 1520 et
490 1476 566 1515 caeco
581 1457 674 1516 Marte
687 1455 828 1516 resistunt.
1070 1467 1126 1522 335

201 1537 320 1596 Talibus
335 1536 488 1612 Othryadae
502 1535 584 1595 dictis
597 1544 626 1595 et
639 1535 755 1594 numine
769 1534 866 1594 divim

162 1616 198 1674 ln
212 1615 341 1674 flammas
355 1624 384 1675 et
396 1615 426 1672 in
440 1633 517 1673 arma
529 1615 612 1690 seror,
626 1611 682 1690 qud
696 1613 782 1672 tristis
796 1614 932 1692 Erinnys,

163 1691 231 1766 Qua
244 1693 371 1753 fremitus
384 1703 476 1769 vocat,
492 1702 521 1752 et
534 1691 709 1754 sublatusad
724 1692 831 1753 aethera
843 1694 957 1754 clamor.

162 1774 282 1833 Addunt
295 1791 325 1831 se
339 1773 431 1832 socios
443 1773 576 1850 Rhipeus
589 1781 619 1832 et
632 1772 772 1830 maximus
786 1773 869 1831 armis

162 1853 293 1930 Epytus3
316 1852 402 1912 oblati
414 1871 466 1930 per
478 1853 584 1928 lunam,
598 1851 795 1928 Hypanisque,
805 1851 989 1930 Dymasqu03

163 1933 205 1990 Et
216 1932 297 1990 lateri
311 1932 504 2009 agglomerant
516 1939 628 2004 nostro;
652 1930 761 1988 'uvenis
781 1948 819 1990 ue
833 1930 971 1990 Coroebus

163 2010 372 2088 Mygdonides:
394 2009 450 2068 illis
464 2010 500 2069 ad
513 2010 628 2088 Trojam
641 1951 714 2068 dorse
728 2009 776 2067 die
796 2027 829 2068 us
847 2063 850 2072 .

164 2088 300 2166 Venerat,
314 2091 414 2150 insano
428 2089 594 2148 Cassandrae
608 2088 741 2146 incensus
755 2105 871 2162 amore;

163 2168 205 2228 Et
217 2187 304 2247 gener
318 2169 455 2228 auxilium
469 2168 583 2227 Priamo
596 2165 813 2244 Phrygibusque
827 2167 950 2243 serebat3

165 2246 279 2324 Infelix,
293 2249 342 2327 qui
355 2251 417 2307 non
426 2265 538 2324 sponsis
551 2255 694 2326 praecepta
706 2245 826 2306 furentis

165 2327 303 2386 Audierit
468 2345 471 2352 ’
808 2373 809 2376 ,

166 2406 246 2478 Quos
260 2405 309 2466 nbi
322 2406 462 2468 consertos
476 2409 580 2468 andere
593 2406 624 2466 in
636 2406 736 2485 praelia
747 2405 816 2483 vidi,

166 2484 276 2563 Incipio
290 2487 449 2578 superbis:
469 2487 605 2562 luvenes,
618 2484 771 2560 fortissima
784 2486 884 2545 frustra
897 2489 900 2496 '

165 2564 293 2640 Pectora,
308 2584 332 2622 sr
345 2564 426 2624 vobis
441 2567 593 2626 audentem
604 2573 730 2624 extrema
743 2564 849 2642 cupido

166 2643 251 2701 Certa
264 2643 431 2721 sequique
446 2645 483 2702 sit
495 2645 579 2702 rebus
592 2644 703 2704 fortuna
715 2642 835 2706 videtis:

166 2718 324 2779 Excessdre
338 2740 446 2795 omnes,
462 2723 553 2798 adytis
566 2722 677 2798 arisque
689 2720 803 2794 relictis,

166 2797 203 2858 Di
218 2798 319 2875 quibus
332 2799 483 2875 imperium
496 2801 552 2857 hoc
566 2806 696 2858 steteratr
717 2797 878 2856 succurritis
891 2797 954 2855 urbi

80 2919 82 2926 s
167 2879 311 2936 lucensae:
332 2876 494 2951 moriamur,
509 2886 537 2937 et
550 2877 580 2934 in
593 2876 687 2934 media
701 2894 779 2933 arma
790 2893 902 2950 mamm
914 2894 921 2930 :

167 2958 233 3018 Una
246 2956 320 3016 salus
334 2956 417 3015 victis
430 2956 535 3014 nullam
550 2973 665 3032 sperare
674 2953 803 3016 salutem.
860 3003 864 3012 .

169 3037 214 3095 Sic
229 3036 330 3095 animis
340 3036 481 3113 juvenum
493 3034 569 3093 furor
583 3032 702 3105 additus.
744 3031 825 3108 Inde,
839 3029 899 3108 lupi
912 3047 966 3090 ceu

167 3116 317 3195 Raptores,
331 3115 389 3173 atri
403 3114 433 3172 in
447 3113 561 3189 nebulis,
575 3132 645 3190 qnos
658 3110 787 3190 improba
798 3108 905 3170 ventris

168 3195 272 3271 Exegit
284 3212 378 3253 cacos
391 3194 492 3269 rabies,
507 3192 647 3270 catulique
661 3191 753 3250 relicti
777 3245 780 3252 ,

169 3272 308 3332 Faucibus
322 3281 489 3350 exspectant
502 3273 594 3348 siccis,
608 3291 660 3350 per
672 3271 737 3347 tela,
751 3288 803 3350 per
814 3268 926 3345 hostes,

169 3350 305 3410 Vadimus
318 3351 395 3410 baud
409 3351 523 3411 dubiam
537 3351 567 3408 in
580 3360 716 3425 mortem3
738 3349 897 3425 mediaeque
911 3355 1040 3406 tenemus

170 3428 253 3496 Urbis
266 3430 337 3488 iter:
358 3450 417 3488 nox
430 3439 489 3488 atra
502 3430 572 3487 cavi
585 3428 770 3488 circumvolat
782 3425 890 3485 umbri.
1070 3429 1127 3484 360

172 3507 240 3578 Quis
254 3509 365 3566 cladem
379 3509 454 3568 illius
468 3507 568 3583 noctis,
582 3510 645 3584 quis
658 3509 756 3567 funera
769 3505 854 3574 fando
975 3537 976 3542 κ

171 3585 311 3664 Explicet,
326 3595 374 3644 ant
385 3589 475 3664 possit
484 3587 616 3662 lacrymis
629 3604 741 3665 aequare
755 3583 886 3642 labores?

171 3665 244 3726 Urbs
258 3666 372 3742 antiqua
384 3666 449 3741 ruit,
464 3665 569 3724 multos
582 3667 727 3724 dominata
739 3682 790 3740 per
803 3681 908 3735 annos;

171 3745 293 3803 Plurima
305 3762 412 3822 perque
426 3745 486 3802 vias
500 3753 662 3803 sternuntur
674 3742 775 3801 inertia
792 3739 897 3818 passim
947 3797 950 3802 ,

173 3825 302 3902 Carpum,
315 3842 421 3901 perque
434 3823 544 3895 domna,
558 3829 587 3878 et
599 3821 741 3897 relligiosa
754 3821 880 3876 deorum'
1070 3819 1128 3876 365

173 3904 287 3962 Limina
328 3903 392 3963 Nec
406 3901 459 3962 soli
471 3919 570 3979 poenas
584 3900 653 3958 dant
665 3898 801 3974 sanguine
815 3895 936 3970 Teucri;
