<?xml version="1.0" encoding="UTF-8"?>
<!DOCTYPE html PUBLIC "-//W3C//DTD XHTML 1.0 Transitional//EN"
    "http://www.w3.org/TR/xhtml1/DTD/xhtml1-transitional.dtd">
<html xmlns="http://www.w3.org/1999/xhtml" xml:lang="en" lang="en">
 <head>
  <title>
</title>
<meta http-equiv="Content-Type" content="text/html;charset=utf-8" />
  <meta name='ocr-system' content='tesseract 3.04.00' />
  <meta name='ocr-capabilities' content='ocr_page ocr_carea ocr_par ocr_line ocrx_word'/>
</head>
<body>
  <div class='ocr_page' id='page_1' title='image "./bucolicageorgic06virggoog/bucolicageorgic06virggoog_0098.png"; bbox 0 0 3076 4514; ppageno 0'>
   <div class='ocr_carea' id='block_1_1' title="bbox 531 488 685 548">
    <p class='ocr_par' dir='ltr' id='par_1_1' title="bbox 531 488 685 548">
     <span class='ocr_line' id='line_1_1' title="bbox 531 488 685 548; baseline -0.013 0"><span class='ocrx_word' id='word_1_1' title='bbox 531 488 644 548; x_wconf 77' lang='lat' dir='ltr'><strong>usus</strong></span> <span class='ocrx_word' id='word_1_2' title='bbox 662 492 685 547; x_wconf 93' lang='lat'><strong>1.</strong></span> 
     </span>
    </p>
   </div>
   <div class='ocr_carea' id='block_1_2' title="bbox 128 642 1092 4134">
    <p class='ocr_par' dir='ltr' id='par_1_2' title="bbox 128 642 1092 4134">
     <span class='ocr_line' id='line_1_2' title="bbox 128 642 870 724; baseline -0.008 -17"><span class='ocrx_word' id='word_1_3' title='bbox 128 645 239 708; x_wconf 86' lang='lat' dir='ltr'><strong>ltaliam</strong></span> <span class='ocrx_word' id='word_1_4' title='bbox 252 664 347 724; x_wconf 72' lang='lat' dir='ltr'><strong>quiem</strong></span> <span class='ocrx_word' id='word_1_5' title='bbox 360 643 487 722; x_wconf 81' lang='lat' dir='ltr'><strong>patriam,</strong></span> <span class='ocrx_word' id='word_1_6' title='bbox 502 662 592 720; x_wconf 87' lang='lat' dir='ltr'><strong>genus</strong></span> <span class='ocrx_word' id='word_1_7' title='bbox 606 643 641 702; x_wconf 90' lang='lat' dir='ltr'><strong>ab</strong></span> <span class='ocrx_word' id='word_1_8' title='bbox 654 642 726 700; x_wconf 77' lang='lat' dir='ltr'><strong>Jove</strong></span> <span class='ocrx_word' id='word_1_9' title='bbox 739 660 870 701; x_wconf 84' lang='lat' dir='ltr'><strong>summo:</strong></span> 
     </span>
     <span class='ocr_line' id='line_1_3' title="bbox 128 721 935 800; baseline -0.01 -15"><span class='ocrx_word' id='word_1_10' title='bbox 128 725 181 786; x_wconf 83' lang='lat' dir='ltr'><strong>Bis</strong></span> <span class='ocrx_word' id='word_1_11' title='bbox 193 725 275 784; x_wconf 90' lang='lat' dir='ltr'><strong>denis</strong></span> <span class='ocrx_word' id='word_1_12' title='bbox 288 723 443 800; x_wconf 87' lang='lat' dir='ltr'><strong>Phrygium</strong></span> <span class='ocrx_word' id='word_1_13' title='bbox 458 723 612 781; x_wconf 78' lang='lat' dir='ltr'><strong>conscendi</strong></span> <span class='ocrx_word' id='word_1_14' title='bbox 625 721 744 779; x_wconf 86' lang='lat' dir='ltr'><strong>navibus</strong></span> <span class='ocrx_word' id='word_1_15' title='bbox 758 738 864 797; x_wconf 80' lang='lat' dir='ltr'><strong>sequor,</strong></span> <span class='ocrx_word' id='word_1_16' title='bbox 932 771 935 777; x_wconf 94' lang='lat'>.</span> 
     </span>
     <span class='ocr_line' id='line_1_4' title="bbox 129 800 869 876; baseline -0.011 -11"><span class='ocrx_word' id='word_1_17' title='bbox 129 805 223 865; x_wconf 69' lang='lat' dir='ltr'><strong>Matre</strong></span> <span class='ocrx_word' id='word_1_18' title='bbox 237 803 290 861; x_wconf 75' lang='lat' dir='ltr'><strong>dei</strong></span> <span class='ocrx_word' id='word_1_19' title='bbox 304 810 478 860; x_wconf 75' lang='lat' dir='ltr'><strong>monstrante</strong></span> <span class='ocrx_word' id='word_1_20' title='bbox 492 802 576 876; x_wconf 90' lang='lat' dir='ltr'><strong>viam,</strong></span> <span class='ocrx_word' id='word_1_21' title='bbox 591 801 656 858; x_wconf 87' lang='lat' dir='ltr'><strong>data</strong></span> <span class='ocrx_word' id='word_1_22' title='bbox 668 800 724 858; x_wconf 85' lang='lat' dir='ltr'><strong>sata</strong></span> <span class='ocrx_word' id='word_1_23' title='bbox 737 809 869 874; x_wconf 73' lang='lat' dir='ltr'><strong>secutus3</strong></span> 
     </span>
     <span class='ocr_line' id='line_1_5' title="bbox 129 879 881 960; baseline -0.004 -19"><span class='ocrx_word' id='word_1_24' title='bbox 129 882 189 942; x_wconf 86' lang='lat' dir='ltr'><strong>Vix</strong></span> <span class='ocrx_word' id='word_1_25' title='bbox 203 891 309 960; x_wconf 82' lang='lat' dir='ltr'><strong>septem</strong></span> <span class='ocrx_word' id='word_1_26' title='bbox 323 881 465 939; x_wconf 78' lang='lat' dir='ltr'><strong>convulsae</strong></span> <span class='ocrx_word' id='word_1_27' title='bbox 480 880 562 938; x_wconf 92' lang='lat' dir='ltr'><strong>undis</strong></span> <span class='ocrx_word' id='word_1_28' title='bbox 575 879 710 955; x_wconf 87' lang='lat' dir='ltr'><strong>Euroque</strong></span> <span class='ocrx_word' id='word_1_29' title='bbox 723 885 881 956; x_wconf 74' lang='lat' dir='ltr'><strong>supersunt.</strong></span> 
     </span>
     <span class='ocr_line' id='line_1_6' title="bbox 130 959 820 1036; baseline -0.007 -17"><span class='ocrx_word' id='word_1_30' title='bbox 130 961 144 1020; x_wconf 96' lang='lat' dir='ltr'><strong>l</strong></span> <span class='ocrx_word' id='word_1_31' title='bbox 165 979 196 1020; x_wconf 89' lang='lat' dir='ltr'><strong>se</strong></span> <span class='ocrx_word' id='word_1_32' title='bbox 209 961 329 1036; x_wconf 83' lang='lat' dir='ltr'><strong>ignotus,</strong></span> <span class='ocrx_word' id='word_1_33' title='bbox 345 978 441 1036; x_wconf 88' lang='lat' dir='ltr'><strong>egens,</strong></span> <span class='ocrx_word' id='word_1_34' title='bbox 456 960 556 1036; x_wconf 65' lang='lat' dir='ltr'><strong>myro</strong></span> <span class='ocrx_word' id='word_1_35' title='bbox 570 959 681 1017; x_wconf 87' lang='lat' dir='ltr'><strong>deserta</strong></span> <span class='ocrx_word' id='word_1_36' title='bbox 692 976 820 1035; x_wconf 80' lang='lat' dir='ltr'><strong>peregre,</strong></span> 
     </span>
     <span class='ocr_line' id='line_1_7' title="bbox 148 1036 1092 1116; baseline -0.001 -19"><span class='ocrx_word' id='word_1_37' title='bbox 148 1040 246 1116; x_wconf 60' lang='lat' dir='ltr'><strong>rumpi</strong></span> <span class='ocrx_word' id='word_1_38' title='bbox 261 1049 343 1115; x_wconf 78' lang='lat' dir='ltr'><strong>atque</strong></span> <span class='ocrx_word' id='word_1_39' title='bbox 358 1039 427 1097; x_wconf 77' lang='lat' dir='ltr'><strong>nsit</strong></span> <span class='ocrx_word' id='word_1_40' title='bbox 440 1038 546 1116; x_wconf 89' lang='lat' dir='ltr'><strong>pulsus.</strong></span> <span class='ocrx_word' id='word_1_41' title='bbox 587 1036 652 1095; x_wconf 89' lang='lat' dir='ltr'><strong>Nec</strong></span> <span class='ocrx_word' id='word_1_42' title='bbox 666 1036 746 1114; x_wconf 87' lang='lat' dir='ltr'><strong>plura</strong></span> <span class='ocrx_word' id='word_1_43' title='bbox 757 1044 923 1113; x_wconf 89' lang='lat' dir='ltr'><strong>querentem</strong></span> <span class='ocrx_word' id='word_1_44' title='bbox 957 1075 959 1082; x_wconf 38' lang='grc' dir='ltr'><strong><em>ι</em></strong></span> <span class='ocrx_word' id='word_1_45' title='bbox 989 1051 994 1063; x_wconf 86' lang='grc'><em>·</em></span> <span class='ocrx_word' id='word_1_46' title='bbox 1034 1040 1092 1096; x_wconf 71' lang='grc'><strong>386</strong></span> 
     </span>
     <span class='ocr_line' id='line_1_8' title="bbox 129 1115 833 1192; baseline -0.003 -16"><span class='ocrx_word' id='word_1_47' title='bbox 129 1117 219 1176; x_wconf 84' lang='lat' dir='ltr'><strong>Passa</strong></span> <span class='ocrx_word' id='word_1_48' title='bbox 232 1117 341 1192; x_wconf 88' lang='lat' dir='ltr'><strong>Venus,</strong></span> <span class='ocrx_word' id='word_1_49' title='bbox 355 1118 449 1176; x_wconf 90' lang='lat' dir='ltr'><strong>medlo</strong></span> <span class='ocrx_word' id='word_1_50' title='bbox 463 1117 505 1175; x_wconf 90' lang='lat' dir='ltr'><strong>sic</strong></span> <span class='ocrx_word' id='word_1_51' title='bbox 519 1115 649 1174; x_wconf 72' lang='lat' dir='ltr'><strong>intentata</strong></span> <span class='ocrx_word' id='word_1_52' title='bbox 662 1115 757 1174; x_wconf 90' lang='lat' dir='ltr'><strong>dolore</strong></span> <span class='ocrx_word' id='word_1_53' title='bbox 772 1124 833 1174; x_wconf 89' lang='lat' dir='ltr'><strong>est:</strong></span> 
     </span>
     <span class='ocr_line' id='line_1_9' title="bbox 170 1194 958 1275; baseline -0.001 -20"><span class='ocrx_word' id='word_1_54' title='bbox 170 1196 305 1275; x_wconf 81' lang='lat' dir='ltr'><strong>Quisquis</strong></span> <span class='ocrx_word' id='word_1_55' title='bbox 318 1215 359 1271; x_wconf 85' lang='lat' dir='ltr'><strong>es,</strong></span> <span class='ocrx_word' id='word_1_56' title='bbox 373 1196 458 1270; x_wconf 87' lang='lat' dir='ltr'><strong>haud,</strong></span> <span class='ocrx_word' id='word_1_57' title='bbox 472 1196 566 1270; x_wconf 89' lang='lat' dir='ltr'><strong>credo,</strong></span> <span class='ocrx_word' id='word_1_58' title='bbox 581 1194 688 1252; x_wconf 85' lang='lat' dir='ltr'><strong>invisus</strong></span> <span class='ocrx_word' id='word_1_59' title='bbox 701 1194 863 1254; x_wconf 87' lang='lat' dir='ltr'><strong>coelestibus</strong></span> <span class='ocrx_word' id='word_1_60' title='bbox 876 1213 958 1254; x_wconf 80' lang='lat' dir='ltr'><strong>auras</strong></span> 
     </span>
     <span class='ocr_line' id='line_1_10' title="bbox 130 1273 826 1354; baseline -0.004 -20"><span class='ocrx_word' id='word_1_61' title='bbox 130 1275 240 1334; x_wconf 87' lang='lat' dir='ltr'><strong>Vitales</strong></span> <span class='ocrx_word' id='word_1_62' title='bbox 253 1276 352 1354; x_wconf 83' lang='lat' dir='ltr'><strong>carpis,</strong></span> <span class='ocrx_word' id='word_1_63' title='bbox 367 1275 483 1352; x_wconf 78' lang='lat' dir='ltr'><strong>Tyriam</strong></span> <span class='ocrx_word' id='word_1_64' title='bbox 496 1275 544 1351; x_wconf 92' lang='lat' dir='ltr'><strong>qui</strong></span> <span class='ocrx_word' id='word_1_65' title='bbox 559 1274 706 1333; x_wconf 73' lang='lat' dir='ltr'><strong>adveneris</strong></span> <span class='ocrx_word' id='word_1_66' title='bbox 719 1273 826 1331; x_wconf 88' lang='lat' dir='ltr'><strong>urbem.</strong></span> 
     </span>
     <span class='ocr_line' id='line_1_11' title="bbox 130 1345 943 1431; baseline -0.002 -18"><span class='ocrx_word' id='word_1_67' title='bbox 130 1354 222 1431; x_wconf 80' lang='lat' dir='ltr'><strong>Perge</strong></span> <span class='ocrx_word' id='word_1_68' title='bbox 236 1353 331 1428; x_wconf 74' lang='lat' dir='ltr'><strong>model,</strong></span> <span class='ocrx_word' id='word_1_69' title='bbox 345 1363 429 1430; x_wconf 88' lang='lat' dir='ltr'><strong>atque</strong></span> <span class='ocrx_word' id='word_1_70' title='bbox 444 1353 511 1410; x_wconf 88' lang='lat' dir='ltr'><strong>hino</strong></span> <span class='ocrx_word' id='word_1_71' title='bbox 524 1363 551 1411; x_wconf 92' lang='lat' dir='ltr'><strong>te</strong></span> <span class='ocrx_word' id='word_1_72' title='bbox 566 1353 669 1427; x_wconf 80' lang='lat' dir='ltr'><strong>reginae</strong></span> <span class='ocrx_word' id='word_1_73' title='bbox 683 1353 718 1413; x_wconf 84' lang='lat' dir='ltr'><strong>ed</strong></span> <span class='ocrx_word' id='word_1_74' title='bbox 733 1345 943 1431; x_wconf 65' lang='lat' dir='ltr'><strong>limins&#39;perler.</strong></span> 
     </span>
     <span class='ocr_line' id='line_1_12' title="bbox 128 1430 883 1509; baseline -0.007 -15"><span class='ocrx_word' id='word_1_75' title='bbox 128 1432 160 1494; x_wconf 87' lang='lat' dir='ltr'>N</span> <span class='ocrx_word' id='word_1_76' title='bbox 162 1452 263 1509; x_wconf 89' lang='lat' dir='ltr'><strong>amque</strong></span> <span class='ocrx_word' id='word_1_77' title='bbox 276 1433 328 1493; x_wconf 87' lang='lat' dir='ltr'><strong>tibi</strong></span> <span class='ocrx_word' id='word_1_78' title='bbox 340 1433 458 1489; x_wconf 87' lang='lat' dir='ltr'><strong>reduces</strong></span> <span class='ocrx_word' id='word_1_79' title='bbox 472 1432 563 1488; x_wconf 90' lang='lat' dir='ltr'><strong>socios</strong></span> <span class='ocrx_word' id='word_1_80' title='bbox 576 1430 752 1505; x_wconf 78' lang='lat' dir='ltr'><strong>classemque</strong></span> <span class='ocrx_word' id='word_1_81' title='bbox 765 1430 883 1489; x_wconf 84' lang='lat' dir='ltr'><strong>relatam</strong></span> 
     </span>
     <span class='ocr_line' id='line_1_13' title="bbox 130 1506 950 1585; baseline -0.005 -15"><span class='ocrx_word' id='word_1_82' title='bbox 130 1511 250 1585; x_wconf 78' lang='lat' dir='ltr'><strong>Nuntio,</strong></span> <span class='ocrx_word' id='word_1_83' title='bbox 264 1518 293 1568; x_wconf 91' lang='lat' dir='ltr'><strong>et</strong></span> <span class='ocrx_word' id='word_1_84' title='bbox 306 1511 335 1568; x_wconf 81' lang='lat' dir='ltr'><strong>in</strong></span> <span class='ocrx_word' id='word_1_85' title='bbox 349 1520 439 1568; x_wconf 90' lang='lat' dir='ltr'><strong>tutum</strong></span> <span class='ocrx_word' id='word_1_86' title='bbox 453 1509 541 1566; x_wconf 89' lang='lat' dir='ltr'><strong>versis</strong></span> <span class='ocrx_word' id='word_1_87' title='bbox 555 1506 743 1583; x_wconf 82' lang='lat' dir='ltr'><strong>Aquilonibus</strong></span> <span class='ocrx_word' id='word_1_88' title='bbox 757 1517 867 1583; x_wconf 70' lang='lat' dir='ltr'><strong>actam</strong></span> <span class='ocrx_word' id='word_1_89' title='bbox 948 1511 950 1514; x_wconf 73' lang='grc'>’</span> 
     </span>
     <span class='ocr_line' id='line_1_14' title="bbox 129 1584 813 1664; baseline -0.006 -16"><span class='ocrx_word' id='word_1_90' title='bbox 129 1590 171 1650; x_wconf 85' lang='lat' dir='ltr'><strong>Ni</strong></span> <span class='ocrx_word' id='word_1_91' title='bbox 184 1589 284 1647; x_wconf 84' lang='lat' dir='ltr'><strong>frustra</strong></span> <span class='ocrx_word' id='word_1_92' title='bbox 299 1587 444 1664; x_wconf 89' lang='lat' dir='ltr'><strong>augurium</strong></span> <span class='ocrx_word' id='word_1_93' title='bbox 458 1586 525 1644; x_wconf 75' lang='lat' dir='ltr'><strong>roni</strong></span> <span class='ocrx_word' id='word_1_94' title='bbox 538 1584 660 1644; x_wconf 68' lang='lat' dir='ltr'><strong>docuere</strong></span> <span class='ocrx_word' id='word_1_95' title='bbox 674 1597 813 1664; x_wconf 89' lang='lat' dir='ltr'><strong>parentes.</strong></span> 
     </span>
     <span class='ocr_line' id='line_1_15' title="bbox 129 1664 803 1744; baseline -0.004 -18"><span class='ocrx_word' id='word_1_96' title='bbox 129 1668 255 1744; x_wconf 82' lang='lat' dir='ltr'><strong>Adspice</strong></span> <span class='ocrx_word' id='word_1_97' title='bbox 268 1667 312 1725; x_wconf 91' lang='lat' dir='ltr'><strong>bis</strong></span> <span class='ocrx_word' id='word_1_98' title='bbox 326 1685 410 1725; x_wconf 88' lang='lat' dir='ltr'><strong>senos</strong></span> <span class='ocrx_word' id='word_1_99' title='bbox 424 1665 550 1724; x_wconf 75' lang='lat' dir='ltr'><strong>laetantes</strong></span> <span class='ocrx_word' id='word_1_100' title='bbox 563 1664 675 1740; x_wconf 80' lang='lat' dir='ltr'><strong>agmine</strong></span> <span class='ocrx_word' id='word_1_101' title='bbox 689 1683 803 1742; x_wconf 82' lang='lat' dir='ltr'><strong>cycnos,</strong></span> 
     </span>
     <span class='ocr_line' id='line_1_16' title="bbox 130 1743 807 1823; baseline -0.004 -18"><span class='ocrx_word' id='word_1_102' title='bbox 130 1745 262 1805; x_wconf 78' lang='lat' dir='ltr'><strong>AEtheria</strong></span> <span class='ocrx_word' id='word_1_103' title='bbox 275 1766 346 1823; x_wconf 89' lang='lat' dir='ltr'><strong>quos</strong></span> <span class='ocrx_word' id='word_1_104' title='bbox 359 1746 437 1823; x_wconf 90' lang='lat' dir='ltr'><strong>lapsa</strong></span> <span class='ocrx_word' id='word_1_105' title='bbox 449 1745 532 1821; x_wconf 75' lang='lat' dir='ltr'><strong>plaga</strong></span> <span class='ocrx_word' id='word_1_106' title='bbox 544 1744 624 1802; x_wconf 84' lang='lat' dir='ltr'><strong>Jovis</strong></span> <span class='ocrx_word' id='word_1_107' title='bbox 638 1743 696 1817; x_wconf 75' lang='lat' dir='ltr'><strong>cles</strong></span> <span class='ocrx_word' id='word_1_108' title='bbox 711 1755 807 1821; x_wconf 88' lang='lat' dir='ltr'><strong>aperto</strong></span> 
     </span>
     <span class='ocr_line' id='line_1_17' title="bbox 131 1822 786 1899; baseline -0.005 -16"><span class='ocrx_word' id='word_1_109' title='bbox 131 1824 276 1896; x_wconf 84' lang='lat' dir='ltr'><strong>Turbsbat</strong></span> <span class='ocrx_word' id='word_1_110' title='bbox 288 1825 378 1883; x_wconf 85' lang='lat' dir='ltr'><strong>coelo:</strong></span> <span class='ocrx_word' id='word_1_111' title='bbox 400 1843 476 1881; x_wconf 85' lang='lat' dir='ltr'><strong>nuuc</strong></span> <span class='ocrx_word' id='word_1_112' title='bbox 489 1832 576 1881; x_wconf 87' lang='lat' dir='ltr'><strong>terras</strong></span> <span class='ocrx_word' id='word_1_113' title='bbox 589 1822 687 1880; x_wconf 89' lang='lat' dir='ltr'><strong>ordine</strong></span> <span class='ocrx_word' id='word_1_114' title='bbox 702 1823 786 1899; x_wconf 92' lang='lat' dir='ltr'><strong>longo</strong></span> 
     </span>
     <span class='ocr_line' id='line_1_18' title="bbox 131 1882 885 1982; baseline -0.005 -19"><span class='ocrx_word' id='word_1_115' title='bbox 131 1905 191 1964; x_wconf 78' lang='lat' dir='ltr'><strong>Aut</strong></span> <span class='ocrx_word' id='word_1_116' title='bbox 202 1910 313 1982; x_wconf 71' lang='lat' dir='ltr'><strong>caperet</strong></span> <span class='ocrx_word' id='word_1_117' title='bbox 327 1913 376 1961; x_wconf 89' lang='lat' dir='ltr'><strong>aut</strong></span> <span class='ocrx_word' id='word_1_118' title='bbox 388 1882 484 1981; x_wconf 74' lang='lat' dir='ltr'><strong>daptas</strong></span> <span class='ocrx_word' id='word_1_119' title='bbox 493 1904 553 1980; x_wconf 90' lang='lat' dir='ltr'><strong>jam</strong></span> <span class='ocrx_word' id='word_1_120' title='bbox 567 1902 731 1978; x_wconf 78' lang='lat' dir='ltr'><strong>despectare</strong></span> <span class='ocrx_word' id='word_1_121' title='bbox 744 1903 885 1961; x_wconf 72' lang='lat' dir='ltr'><strong>videntur·</strong></span> 
     </span>
     <span class='ocr_line' id='line_1_19' title="bbox 131 1979 744 2053; baseline -0.007 -11"><span class='ocrx_word' id='word_1_122' title='bbox 131 1983 173 2043; x_wconf 91' lang='lat' dir='ltr'><strong>Ut</strong></span> <span class='ocrx_word' id='word_1_123' title='bbox 186 1983 303 2041; x_wconf 87' lang='lat' dir='ltr'><strong>reduces</strong></span> <span class='ocrx_word' id='word_1_124' title='bbox 317 1982 359 2040; x_wconf 89' lang='lat' dir='ltr'><strong>illi</strong></span> <span class='ocrx_word' id='word_1_125' title='bbox 371 1982 474 2039; x_wconf 91' lang='lat' dir='ltr'><strong>ludunt</strong></span> <span class='ocrx_word' id='word_1_126' title='bbox 487 1979 669 2039; x_wconf 87' lang='lat' dir='ltr'><strong>stridentibus</strong></span> <span class='ocrx_word' id='word_1_127' title='bbox 683 1980 744 2053; x_wconf 89' lang='lat' dir='ltr'><strong>alis,</strong></span> 
     </span>
     <span class='ocr_line' id='line_1_20' title="bbox 131 2055 815 2138; baseline -0.009 -18"><span class='ocrx_word' id='word_1_128' title='bbox 131 2061 172 2121; x_wconf 90' lang='lat' dir='ltr'><strong>Et</strong></span> <span class='ocrx_word' id='word_1_129' title='bbox 185 2070 259 2120; x_wconf 87' lang='lat' dir='ltr'><strong>coetu</strong></span> <span class='ocrx_word' id='word_1_130' title='bbox 272 2059 388 2119; x_wconf 69' lang='lat' dir='ltr'><strong>cinxere</strong></span> <span class='ocrx_word' id='word_1_131' title='bbox 401 2059 508 2138; x_wconf 89' lang='lat' dir='ltr'><strong>polum,</strong></span> <span class='ocrx_word' id='word_1_132' title='bbox 523 2069 678 2136; x_wconf 86' lang='lat' dir='ltr'><strong>cantusque</strong></span> <span class='ocrx_word' id='word_1_133' title='bbox 692 2055 815 2130; x_wconf 67' lang='lat' dir='ltr'><strong>dedere;</strong></span> 
     </span>
     <span class='ocr_line' id='line_1_21' title="bbox 131 2138 868 2218; baseline -0.004 -20"><span class='ocrx_word' id='word_1_134' title='bbox 131 2139 220 2212; x_wconf 85' lang='lat' dir='ltr'><strong>Haud</strong></span> <span class='ocrx_word' id='word_1_135' title='bbox 233 2140 313 2198; x_wconf 91' lang='lat' dir='ltr'><strong>aliter</strong></span> <span class='ocrx_word' id='word_1_136' title='bbox 324 2158 492 2218; x_wconf 84' lang='lat' dir='ltr'><strong>puppesque</strong></span> <span class='ocrx_word' id='word_1_137' title='bbox 506 2148 571 2212; x_wconf 75' lang='lat' dir='ltr'><strong>tute,</strong></span> <span class='ocrx_word' id='word_1_138' title='bbox 586 2138 732 2216; x_wconf 86' lang='lat' dir='ltr'><strong>pubesque</strong></span> <span class='ocrx_word' id='word_1_139' title='bbox 746 2145 868 2213; x_wconf 72' lang='lat' dir='ltr'><strong>tuorum,</strong></span> 
     </span>
     <span class='ocr_line' id='line_1_22' title="bbox 132 2216 835 2296; baseline -0.009 -18"><span class='ocrx_word' id='word_1_140' title='bbox 132 2219 191 2278; x_wconf 85' lang='lat' dir='ltr'><strong>Aut</strong></span> <span class='ocrx_word' id='word_1_141' title='bbox 202 2228 313 2296; x_wconf 87' lang='lat' dir='ltr'><strong>portum</strong></span> <span class='ocrx_word' id='word_1_142' title='bbox 328 2227 415 2294; x_wconf 86' lang='lat' dir='ltr'><strong>tenet,</strong></span> <span class='ocrx_word' id='word_1_143' title='bbox 431 2227 478 2276; x_wconf 87' lang='lat' dir='ltr'><strong>aut</strong></span> <span class='ocrx_word' id='word_1_144' title='bbox 490 2217 576 2295; x_wconf 88' lang='lat' dir='ltr'><strong>pleno</strong></span> <span class='ocrx_word' id='word_1_145' title='bbox 590 2217 665 2275; x_wconf 91' lang='lat' dir='ltr'><strong>subit</strong></span> <span class='ocrx_word' id='word_1_146' title='bbox 678 2216 750 2274; x_wconf 80' lang='lat' dir='ltr'><strong>ostia</strong></span> <span class='ocrx_word' id='word_1_147' title='bbox 759 2216 835 2274; x_wconf 78' lang='lat' dir='ltr'><strong>selo.</strong></span> 
     </span>
     <span class='ocr_line' id='line_1_23' title="bbox 131 2294 889 2374; baseline -0.005 -16"><span class='ocrx_word' id='word_1_148' title='bbox 131 2297 224 2373; x_wconf 78' lang='lat' dir='ltr'><strong>Perge</strong></span> <span class='ocrx_word' id='word_1_149' title='bbox 238 2294 332 2372; x_wconf 73' lang='lat' dir='ltr'><strong>modo,</strong></span> <span class='ocrx_word' id='word_1_150' title='bbox 347 2298 446 2374; x_wconf 80' lang='lat' dir='ltr'><strong>etquis</strong></span> <span class='ocrx_word' id='word_1_151' title='bbox 459 2307 486 2356; x_wconf 89' lang='lat' dir='ltr'><strong>te</strong></span> <span class='ocrx_word' id='word_1_152' title='bbox 500 2297 579 2355; x_wconf 91' lang='lat' dir='ltr'><strong>ducit</strong></span> <span class='ocrx_word' id='word_1_153' title='bbox 591 2296 638 2354; x_wconf 87' lang='lat' dir='ltr'><strong>via</strong></span> <span class='ocrx_word' id='word_1_154' title='bbox 651 2295 739 2371; x_wconf 82' lang='lat' dir='ltr'><strong>dirige</strong></span> <span class='ocrx_word' id='word_1_155' title='bbox 753 2313 889 2371; x_wconf 75' lang='lat' dir='ltr'><strong>gressrn,</strong></span> 
     </span>
     <span class='ocr_line' id='line_1_24' title="bbox 170 2374 871 2452; baseline -0.006 -17"><span class='ocrx_word' id='word_1_156' title='bbox 170 2377 261 2452; x_wconf 81' lang='lat' dir='ltr'><strong>Dixit,</strong></span> <span class='ocrx_word' id='word_1_157' title='bbox 275 2385 305 2435; x_wconf 90' lang='lat' dir='ltr'><strong>et</strong></span> <span class='ocrx_word' id='word_1_158' title='bbox 318 2385 447 2435; x_wconf 90' lang='lat' dir='ltr'><strong>avertens</strong></span> <span class='ocrx_word' id='word_1_159' title='bbox 461 2376 542 2434; x_wconf 72' lang='lat' dir='ltr'><strong>rosei</strong></span> <span class='ocrx_word' id='word_1_160' title='bbox 555 2376 665 2434; x_wconf 87' lang='lat' dir='ltr'><strong>cervice</strong></span> <span class='ocrx_word' id='word_1_161' title='bbox 680 2374 796 2449; x_wconf 72' lang='lat' dir='ltr'><strong>refulsit,</strong></span> <span class='ocrx_word' id='word_1_162' title='bbox 867 2415 871 2422; x_wconf 77' lang='lat'><strong>·</strong></span> 
     </span>
     <span class='ocr_line' id='line_1_25' title="bbox 131 2454 842 2532; baseline -0.001 -19"><span class='ocrx_word' id='word_1_163' title='bbox 131 2455 346 2532; x_wconf 81' lang='lat' dir='ltr'><strong>Ambrosiaeque</strong></span> <span class='ocrx_word' id='word_1_164' title='bbox 361 2474 450 2523; x_wconf 76' lang='lat' dir='ltr'><strong>comte</strong></span> <span class='ocrx_word' id='word_1_165' title='bbox 465 2455 592 2513; x_wconf 85' lang='lat' dir='ltr'><strong>divinum</strong></span> <span class='ocrx_word' id='word_1_166' title='bbox 606 2454 712 2512; x_wconf 87' lang='lat' dir='ltr'><strong>vertice</strong></span> <span class='ocrx_word' id='word_1_167' title='bbox 726 2455 842 2512; x_wconf 89' lang='lat' dir='ltr'><strong>odorem</strong></span> 
     </span>
     <span class='ocr_line' id='line_1_26' title="bbox 134 2532 800 2612; baseline -0.002 -21"><span class='ocrx_word' id='word_1_168' title='bbox 134 2532 283 2612; x_wconf 72' lang='lat' dir='ltr'><strong>spiravere</strong></span> <span class='ocrx_word' id='word_1_169' title='bbox 294 2554 302 2606; x_wconf 91' lang='lat'>;</span> <span class='ocrx_word' id='word_1_170' title='bbox 323 2536 411 2610; x_wconf 86' lang='lat' dir='ltr'><strong>pedes</strong></span> <span class='ocrx_word' id='word_1_171' title='bbox 426 2533 512 2592; x_wconf 89' lang='lat' dir='ltr'><strong>vestis</strong></span> <span class='ocrx_word' id='word_1_172' title='bbox 525 2533 645 2591; x_wconf 84' lang='lat' dir='ltr'><strong>deduxit</strong></span> <span class='ocrx_word' id='word_1_173' title='bbox 658 2535 693 2590; x_wconf 81' lang='lat' dir='ltr'><strong>sd</strong></span> <span class='ocrx_word' id='word_1_174' title='bbox 707 2533 779 2590; x_wconf 91' lang='lat' dir='ltr'><strong>imos</strong></span> <span class='ocrx_word' id='word_1_175' title='bbox 790 2553 800 2606; x_wconf 88' lang='lat'>;</span> 
     </span>
     <span class='ocr_line' id='line_1_27' title="bbox 132 2611 857 2689; baseline -0.006 -17"><span class='ocrx_word' id='word_1_176' title='bbox 132 2612 173 2672; x_wconf 86' lang='lat' dir='ltr'><strong>Et</strong></span> <span class='ocrx_word' id='word_1_177' title='bbox 186 2632 254 2671; x_wconf 84' lang='lat' dir='ltr'><strong>vera</strong></span> <span class='ocrx_word' id='word_1_178' title='bbox 265 2613 378 2670; x_wconf 89' lang='lat' dir='ltr'><strong>incessu</strong></span> <span class='ocrx_word' id='word_1_179' title='bbox 392 2613 482 2689; x_wconf 79' lang='lat' dir='ltr'><strong>patuit</strong></span> <span class='ocrx_word' id='word_1_180' title='bbox 496 2613 557 2670; x_wconf 84' lang='lat' dir='ltr'><strong>dea.</strong></span> <span class='ocrx_word' id='word_1_181' title='bbox 601 2612 663 2686; x_wconf 92' lang='lat' dir='ltr'><strong>llle,</strong></span> <span class='ocrx_word' id='word_1_182' title='bbox 677 2611 726 2669; x_wconf 93' lang='lat' dir='ltr'><strong>ubi</strong></span> <span class='ocrx_word' id='word_1_183' title='bbox 741 2620 857 2669; x_wconf 86' lang='lat' dir='ltr'><strong>matrem</strong></span> 
     </span>
     <span class='ocr_line' id='line_1_28' title="bbox 133 2690 787 2766; baseline -0.005 -17"><span class='ocrx_word' id='word_1_184' title='bbox 133 2692 266 2766; x_wconf 74' lang='lat' dir='ltr'><strong>Agnovit,</strong></span> <span class='ocrx_word' id='word_1_185' title='bbox 280 2691 329 2749; x_wconf 88' lang='lat' dir='ltr'><strong>tali</strong></span> <span class='ocrx_word' id='word_1_186' title='bbox 343 2690 497 2766; x_wconf 82' lang='lat' dir='ltr'><strong>fugientem</strong></span> <span class='ocrx_word' id='word_1_187' title='bbox 512 2700 555 2749; x_wconf 88' lang='lat' dir='ltr'><strong>est</strong></span> <span class='ocrx_word' id='word_1_188' title='bbox 567 2709 638 2748; x_wconf 86' lang='lat' dir='ltr'><strong>voce</strong></span> <span class='ocrx_word' id='word_1_189' title='bbox 652 2699 766 2748; x_wconf 84' lang='lat' dir='ltr'><strong>secutus</strong></span> <span class='ocrx_word' id='word_1_190' title='bbox 780 2709 787 2746; x_wconf 92' lang='lat'>:</span> 
     </span>
     <span class='ocr_line' id='line_1_29' title="bbox 134 2767 835 2845; baseline -0.003 -19"><span class='ocrx_word' id='word_1_191' title='bbox 134 2767 213 2839; x_wconf 82' lang='lat' dir='ltr'><strong>Quid</strong></span> <span class='ocrx_word' id='word_1_192' title='bbox 226 2778 322 2826; x_wconf 87' lang='lat' dir='ltr'><strong>natum</strong></span> <span class='ocrx_word' id='word_1_193' title='bbox 337 2770 428 2842; x_wconf 90' lang='lat' dir='ltr'><strong>toties,</strong></span> <span class='ocrx_word' id='word_1_194' title='bbox 443 2769 564 2826; x_wconf 83' lang='lat' dir='ltr'><strong>crudelis</strong></span> <span class='ocrx_word' id='word_1_195' title='bbox 577 2778 607 2826; x_wconf 89' lang='lat' dir='ltr'><strong>tu</strong></span> <span class='ocrx_word' id='word_1_196' title='bbox 622 2787 744 2845; x_wconf 88' lang='lat' dir='ltr'><strong>quoque,</strong></span> <span class='ocrx_word' id='word_1_197' title='bbox 759 2767 835 2824; x_wconf 88' lang='lat' dir='ltr'><strong>falsis</strong></span> 
     </span>
     <span class='ocr_line' id='line_1_30' title="bbox 133 2845 890 2923; baseline -0.005 -19"><span class='ocrx_word' id='word_1_198' title='bbox 133 2846 222 2904; x_wconf 91' lang='lat' dir='ltr'><strong>Ludis</strong></span> <span class='ocrx_word' id='word_1_199' title='bbox 237 2845 427 2921; x_wconf 71' lang='lat' dir='ltr'><strong>imaginibus?</strong></span> <span class='ocrx_word' id='word_1_200' title='bbox 449 2864 498 2904; x_wconf 89' lang='lat' dir='ltr'><strong>cur</strong></span> <span class='ocrx_word' id='word_1_201' title='bbox 511 2847 618 2903; x_wconf 77' lang='lat' dir='ltr'><strong>dextrae</strong></span> <span class='ocrx_word' id='word_1_202' title='bbox 627 2848 748 2923; x_wconf 86' lang='lat' dir='ltr'><strong>jungere</strong></span> <span class='ocrx_word' id='word_1_203' title='bbox 762 2845 890 2906; x_wconf 69' lang='lat' dir='ltr'><strong>dextram</strong></span> 
     </span>
     <span class='ocr_line' id='line_1_31' title="bbox 132 2922 851 2998; baseline -0.01 -13"><span class='ocrx_word' id='word_1_204' title='bbox 132 2924 201 2985; x_wconf 89' lang='lat' dir='ltr'><strong>Non</strong></span> <span class='ocrx_word' id='word_1_205' title='bbox 216 2924 305 2998; x_wconf 83' lang='lat' dir='ltr'><strong>datur,</strong></span> <span class='ocrx_word' id='word_1_206' title='bbox 320 2942 352 2982; x_wconf 87' lang='lat' dir='ltr'><strong>sc</strong></span> <span class='ocrx_word' id='word_1_207' title='bbox 366 2942 446 2981; x_wconf 89' lang='lat' dir='ltr'><strong>veras</strong></span> <span class='ocrx_word' id='word_1_208' title='bbox 460 2923 556 2981; x_wconf 79' lang='lat' dir='ltr'><strong>cudite</strong></span> <span class='ocrx_word' id='word_1_209' title='bbox 571 2932 599 2981; x_wconf 90' lang='lat' dir='ltr'><strong>et</strong></span> <span class='ocrx_word' id='word_1_210' title='bbox 614 2922 730 2980; x_wconf 88' lang='lat' dir='ltr'><strong>reddere</strong></span> <span class='ocrx_word' id='word_1_211' title='bbox 744 2923 851 2979; x_wconf 85' lang='lat' dir='ltr'><strong>voces?</strong></span> 
     </span>
     <span class='ocr_line' id='line_1_32' title="bbox 134 2998 863 3077; baseline -0.004 -16"><span class='ocrx_word' id='word_1_212' title='bbox 134 3001 253 3061; x_wconf 77' lang='lat' dir='ltr'><strong>Talibus</strong></span> <span class='ocrx_word' id='word_1_213' title='bbox 266 3004 385 3076; x_wconf 86' lang='lat' dir='ltr'><strong>incusnt,</strong></span> <span class='ocrx_word' id='word_1_214' title='bbox 399 3019 584 3077; x_wconf 87' lang='lat' dir='ltr'><strong>gressumque</strong></span> <span class='ocrx_word' id='word_1_215' title='bbox 598 3001 633 3059; x_wconf 89' lang='lat' dir='ltr'><strong>ad</strong></span> <span class='ocrx_word' id='word_1_216' title='bbox 648 2999 752 3058; x_wconf 89' lang='lat' dir='ltr'><strong>moeuia</strong></span> <span class='ocrx_word' id='word_1_217' title='bbox 764 2998 863 3058; x_wconf 79' lang='lat' dir='ltr'><strong>tendit·</strong></span> 
     </span>
     <span class='ocr_line' id='line_1_33' title="bbox 134 3077 780 3155; baseline -0.012 -13"><span class='ocrx_word' id='word_1_218' title='bbox 134 3083 173 3142; x_wconf 81' lang='lat' dir='ltr'><strong>tu</strong></span> <span class='ocrx_word' id='word_1_219' title='bbox 187 3081 286 3141; x_wconf 86' lang='lat' dir='ltr'><strong>Venus</strong></span> <span class='ocrx_word' id='word_1_220' title='bbox 300 3080 418 3138; x_wconf 88' lang='lat' dir='ltr'><strong>obscuro</strong></span> <span class='ocrx_word' id='word_1_221' title='bbox 432 3079 591 3155; x_wconf 74' lang='lat' dir='ltr'><strong>gradientes</strong></span> <span class='ocrx_word' id='word_1_222' title='bbox 605 3083 670 3137; x_wconf 70' lang='lat' dir='ltr'><strong>nere</strong></span> <span class='ocrx_word' id='word_1_223' title='bbox 684 3077 780 3153; x_wconf 82' lang='lat' dir='ltr'><strong>sepsit,</strong></span> 
     </span>
     <span class='ocr_line' id='line_1_34' title="bbox 135 3155 800 3231; baseline -0.012 -10"><span class='ocrx_word' id='word_1_224' title='bbox 135 3163 175 3221; x_wconf 91' lang='lat' dir='ltr'><strong>Et</strong></span> <span class='ocrx_word' id='word_1_225' title='bbox 189 3161 276 3221; x_wconf 91' lang='lat' dir='ltr'><strong>multo</strong></span> <span class='ocrx_word' id='word_1_226' title='bbox 289 3159 401 3218; x_wconf 72' lang='lat' dir='ltr'><strong>nebulas</strong></span> <span class='ocrx_word' id='word_1_227' title='bbox 416 3155 523 3218; x_wconf 78' lang='lat' dir='ltr'><strong>circum</strong></span> <span class='ocrx_word' id='word_1_228' title='bbox 537 3159 592 3216; x_wconf 87' lang='lat' dir='ltr'><strong>dea</strong></span> <span class='ocrx_word' id='word_1_229' title='bbox 604 3157 675 3216; x_wconf 88' lang='lat' dir='ltr'><strong>ludit</strong></span> <span class='ocrx_word' id='word_1_230' title='bbox 687 3155 800 3231; x_wconf 78' lang='lat' dir='ltr'><strong>amictu,</strong></span> 
     </span>
     <span class='ocr_line' id='line_1_35' title="bbox 134 3234 904 3316; baseline -0.009 -17"><span class='ocrx_word' id='word_1_231' title='bbox 134 3241 260 3299; x_wconf 78' lang='lat' dir='ltr'><strong>Comere</strong></span> <span class='ocrx_word' id='word_1_232' title='bbox 273 3259 309 3298; x_wconf 90' lang='lat' dir='ltr'><strong>ue</strong></span> <span class='ocrx_word' id='word_1_233' title='bbox 323 3238 386 3316; x_wconf 90' lang='lat' dir='ltr'><strong>quis</strong></span> <span class='ocrx_word' id='word_1_234' title='bbox 400 3257 458 3313; x_wconf 87' lang='lat' dir='ltr'><strong>eos,</strong></span> <span class='ocrx_word' id='word_1_235' title='bbox 472 3253 529 3296; x_wconf 89' lang='lat' dir='ltr'><strong>neu</strong></span> <span class='ocrx_word' id='word_1_236' title='bbox 543 3238 605 3315; x_wconf 90' lang='lat' dir='ltr'><strong>quis</strong></span> <span class='ocrx_word' id='word_1_237' title='bbox 619 3234 783 3311; x_wconf 87' lang='lat' dir='ltr'><strong>contingere</strong></span> <span class='ocrx_word' id='word_1_238' title='bbox 797 3241 904 3312; x_wconf 82' lang='lat' dir='ltr'><strong>posset,</strong></span> 
     </span>
     <span class='ocr_line' id='line_1_36' title="bbox 135 3316 857 3391; baseline -0.01 -13"><span class='ocrx_word' id='word_1_239' title='bbox 135 3319 268 3378; x_wconf 88' lang='lat' dir='ltr'><strong>Molirive</strong></span> <span class='ocrx_word' id='word_1_240' title='bbox 282 3337 399 3391; x_wconf 85' lang='lat' dir='ltr'><strong>moram,</strong></span> <span class='ocrx_word' id='word_1_241' title='bbox 412 3326 461 3376; x_wconf 87' lang='lat' dir='ltr'><strong>aut</strong></span> <span class='ocrx_word' id='word_1_242' title='bbox 473 3316 606 3375; x_wconf 85' lang='lat' dir='ltr'><strong>veniendi</strong></span> <span class='ocrx_word' id='word_1_243' title='bbox 620 3333 736 3391; x_wconf 87' lang='lat' dir='ltr'><strong>poscere</strong></span> <span class='ocrx_word' id='word_1_244' title='bbox 750 3331 857 3373; x_wconf 86' lang='lat' dir='ltr'><strong>causas.</strong></span> 
     </span>
     <span class='ocr_line' id='line_1_37' title="bbox 136 3393 834 3475; baseline -0.007 -20"><span class='ocrx_word' id='word_1_245' title='bbox 136 3397 150 3455; x_wconf 98' lang='lat' dir='ltr'><strong>l</strong></span> <span class='ocrx_word' id='word_1_246' title='bbox 172 3417 202 3455; x_wconf 89' lang='lat' dir='ltr'><strong>sa</strong></span> <span class='ocrx_word' id='word_1_247' title='bbox 215 3397 347 3475; x_wconf 79' lang='lat' dir='ltr'><strong>Paphum</strong></span> <span class='ocrx_word' id='word_1_248' title='bbox 361 3396 490 3456; x_wconf 91' lang='lat' dir='ltr'><strong>sublimis</strong></span> <span class='ocrx_word' id='word_1_249' title='bbox 504 3395 571 3467; x_wconf 87' lang='lat' dir='ltr'><strong>abit,</strong></span> <span class='ocrx_word' id='word_1_250' title='bbox 586 3394 724 3470; x_wconf 81' lang='lat' dir='ltr'><strong>sedesque</strong></span> <span class='ocrx_word' id='word_1_251' title='bbox 734 3393 834 3452; x_wconf 75' lang='lat' dir='ltr'><strong>‚revisit</strong></span> 
     </span>
     <span class='ocr_line' id='line_1_38' title="bbox 162 3471 884 3552; baseline -0.001 -20"><span class='ocrx_word' id='word_1_252' title='bbox 162 3483 218 3533; x_wconf 76' lang='lat' dir='ltr'><strong>sets</strong></span> <span class='ocrx_word' id='word_1_253' title='bbox 231 3496 304 3551; x_wconf 87' lang='lat' dir='ltr'><strong>suns,</strong></span> <span class='ocrx_word' id='word_1_254' title='bbox 318 3475 368 3534; x_wconf 93' lang='lat' dir='ltr'><strong>ubi</strong></span> <span class='ocrx_word' id='word_1_255' title='bbox 382 3474 518 3552; x_wconf 90' lang='lat' dir='ltr'><strong>templum</strong></span> <span class='ocrx_word' id='word_1_256' title='bbox 532 3472 583 3546; x_wconf 90' lang='lat' dir='ltr'><strong>illi,</strong></span> <span class='ocrx_word' id='word_1_257' title='bbox 597 3483 768 3547; x_wconf 89' lang='lat' dir='ltr'><strong>centumque</strong></span> <span class='ocrx_word' id='word_1_258' title='bbox 783 3471 884 3531; x_wconf 70' lang='lat' dir='ltr'><strong>Sebno</strong></span> 
     </span>
     <span class='ocr_line' id='line_1_39' title="bbox 136 3550 862 3628; baseline -0.003 -16"><span class='ocrx_word' id='word_1_259' title='bbox 136 3553 235 3613; x_wconf 88' lang='lat' dir='ltr'><strong>Thure</strong></span> <span class='ocrx_word' id='word_1_260' title='bbox 248 3554 342 3612; x_wconf 88' lang='lat' dir='ltr'><strong>calent</strong></span> <span class='ocrx_word' id='word_1_261' title='bbox 356 3572 420 3626; x_wconf 83' lang='lat' dir='ltr'><strong>ame,</strong></span> <span class='ocrx_word' id='word_1_262' title='bbox 434 3553 571 3628; x_wconf 89' lang='lat' dir='ltr'><strong>sertisque</strong></span> <span class='ocrx_word' id='word_1_263' title='bbox 585 3550 743 3609; x_wconf 88' lang='lat' dir='ltr'><strong>recentibus</strong></span> <span class='ocrx_word' id='word_1_264' title='bbox 756 3550 862 3610; x_wconf 76' lang='lat' dir='ltr'><strong>halant.</strong></span> 
     </span>
     <span class='ocr_line' id='line_1_40' title="bbox 176 3629 903 3710; baseline -0.004 -18"><span class='ocrx_word' id='word_1_265' title='bbox 176 3630 344 3710; x_wconf 78' lang='lat' dir='ltr'><strong>Corripudre</strong></span> <span class='ocrx_word' id='word_1_266' title='bbox 358 3631 432 3689; x_wconf 84' lang='lat' dir='ltr'><strong>vlam</strong></span> <span class='ocrx_word' id='word_1_267' title='bbox 447 3631 563 3701; x_wconf 84' lang='lat' dir='ltr'><strong>interea,</strong></span> <span class='ocrx_word' id='word_1_268' title='bbox 577 3629 633 3704; x_wconf 75' lang='lat' dir='ltr'><strong>qni·</strong></span> <span class='ocrx_word' id='word_1_269' title='bbox 646 3629 747 3687; x_wconf 87' lang='lat' dir='ltr'><strong>semita</strong></span> <span class='ocrx_word' id='word_1_270' title='bbox 760 3635 903 3690; x_wconf 66' lang='lat' dir='ltr'><strong>morunt.</strong></span> 
     </span>
     <span class='ocr_line' id='line_1_41' title="bbox 136 3706 866 3804; baseline -0.007 -33"><span class='ocrx_word' id='word_1_271' title='bbox 136 3711 258 3804; x_wconf 86' lang='lat' dir='ltr'><strong>Jamque</strong></span> <span class='ocrx_word' id='word_1_272' title='bbox 272 3709 463 3768; x_wconf 75' lang='lat' dir='ltr'><strong>ascendebant</strong></span> <span class='ocrx_word' id='word_1_273' title='bbox 475 3708 577 3768; x_wconf 90' lang='lat' dir='ltr'><strong>collem</strong></span> <span class='ocrx_word' id='word_1_274' title='bbox 591 3706 639 3783; x_wconf 90' lang='lat' dir='ltr'><strong>qni</strong></span> <span class='ocrx_word' id='word_1_275' title='bbox 652 3707 789 3785; x_wconf 88' lang='lat' dir='ltr'><strong>plurimus</strong></span> <span class='ocrx_word' id='word_1_276' title='bbox 803 3707 866 3767; x_wconf 90' lang='lat' dir='ltr'><strong>urbi</strong></span> 
     </span>
     <span class='ocr_line' id='line_1_42' title="bbox 139 3787 876 3864; baseline -0.003 -16"><span class='ocrx_word' id='word_1_277' title='bbox 139 3791 282 3864; x_wconf 86' lang='lat' dir='ltr'><strong>lmmrnet‚</strong></span> <span class='ocrx_word' id='word_1_278' title='bbox 297 3788 484 3864; x_wconf 77' lang='lat' dir='ltr'><strong>adversa-que</strong></span> <span class='ocrx_word' id='word_1_279' title='bbox 497 3788 641 3864; x_wconf 86' lang='lat' dir='ltr'><strong>adspectat</strong></span> <span class='ocrx_word' id='word_1_280' title='bbox 654 3787 775 3864; x_wconf 85' lang='lat' dir='ltr'><strong>desuper</strong></span> <span class='ocrx_word' id='word_1_281' title='bbox 788 3805 876 3858; x_wconf 81' lang='lat' dir='ltr'><strong>arces.</strong></span> 
     </span>
     <span class='ocr_line' id='line_1_43' title="bbox 139 3863 816 3940; baseline -0.009 -11"><span class='ocrx_word' id='word_1_282' title='bbox 139 3869 260 3929; x_wconf 78' lang='lat' dir='ltr'><strong>llllrstur</strong></span> <span class='ocrx_word' id='word_1_283' title='bbox 272 3865 375 3924; x_wconf 81' lang='lat' dir='ltr'><strong>molem</strong></span> <span class='ocrx_word' id='word_1_284' title='bbox 390 3866 509 3940; x_wconf 82' lang='lat' dir='ltr'><strong>AEuess,</strong></span> <span class='ocrx_word' id='word_1_285' title='bbox 522 3863 642 3935; x_wconf 52' lang='lat' dir='ltr'><strong>mealia</strong></span> <span class='ocrx_word' id='word_1_286' title='bbox 654 3866 816 3940; x_wconf 68' lang='lat' dir='ltr'><strong>quondam,</strong></span> 
     </span>
     <span class='ocr_line' id='line_1_44' title="bbox 139 3943 868 4023; baseline -0.01 -16"><span class='ocrx_word' id='word_1_287' title='bbox 139 3948 260 4008; x_wconf 85' lang='lat' dir='ltr'><strong>Miratur</strong></span> <span class='ocrx_word' id='word_1_288' title='bbox 272 3954 374 4023; x_wconf 89' lang='lat' dir='ltr'><strong>portas,</strong></span> <span class='ocrx_word' id='word_1_289' title='bbox 388 3945 600 4020; x_wconf 84' lang='lat' dir='ltr'><strong>strepitumque,</strong></span> <span class='ocrx_word' id='word_1_290' title='bbox 614 3951 642 4000; x_wconf 89' lang='lat' dir='ltr'><strong>et</strong></span> <span class='ocrx_word' id='word_1_291' title='bbox 655 3952 739 4002; x_wconf 82' lang='lat' dir='ltr'><strong>strate</strong></span> <span class='ocrx_word' id='word_1_292' title='bbox 751 3943 868 4004; x_wconf 81' lang='lat' dir='ltr'><strong>siarum.</strong></span> 
     </span>
     <span class='ocr_line' id='line_1_45' title="bbox 141 4021 825 4134; baseline -0.01 -48"><span class='ocrx_word' id='word_1_293' title='bbox 141 4027 250 4086; x_wconf 88' lang='lat' dir='ltr'><strong>lnstant</strong></span> <span class='ocrx_word' id='word_1_294' title='bbox 262 4025 392 4084; x_wconf 88' lang='lat' dir='ltr'><strong>ardentes</strong></span> <span class='ocrx_word' id='word_1_295' title='bbox 401 4023 504 4134; x_wconf 55' lang='lat' dir='ltr'><strong>fydi:</strong></span> <span class='ocrx_word' id='word_1_296' title='bbox 525 4039 588 4100; x_wconf 90' lang='lat' dir='ltr'><strong>pars</strong></span> <span class='ocrx_word' id='word_1_297' title='bbox 601 4021 704 4080; x_wconf 85' lang='lat' dir='ltr'><strong>ducere</strong></span> <span class='ocrx_word' id='word_1_298' title='bbox 717 4040 825 4101; x_wconf 86' lang='lat' dir='ltr'><strong>muros,</strong></span> 
     </span>
    </p>
   </div>
   <div class='ocr_carea' id='block_1_3' title="bbox 0 32 1555 4514">
    <p class='ocr_par' dir='ltr' id='par_1_3' title="bbox 0 32 1555 4514">
     <span class='ocr_line' id='line_1_46' title="bbox 0 32 1555 4514; baseline 0 0"><span class='ocrx_word' id='word_1_299' title='bbox 0 32 1555 4514; x_wconf 95' lang='lat' dir='ltr'><strong> </strong></span> 
     </span>
    </p>
   </div>
  </div>
 </body>
</html>
