2712 4488
132 599 134 606 ¹
200 531 253 586 aaa
385 567 387 574 .
593 527 769 584 nnnrnos

202 679 278 738 Tum
293 680 332 738 sic
346 678 561 754 affaturregern,
576 686 659 754 atquo
673 677 711 735 ita
723 674 850 734 turbidus
863 673 945 734 infit:
1125 681 1162 732 10

202 758 292 817 Nulla
303 777 381 816 mora
393 759 422 815 in
436 757 533 814 Turno
545 776 553 830 ;
575 756 646 813 nihil
660 764 703 812 est
715 751 791 830 quod
805 753 881 812 diota
893 761 1043 812 renectent

204 837 302 912 ignavi
315 836 463 910 AEneadae,
478 854 531 892 nec
545 853 608 911 qure
622 831 759 911 pepigere
773 841 912 890 recusent.

203 915 394 991 Congredior:
416 915 456 971 ser
469 932 556 987 sacra,
569 921 657 989 pater,
672 923 701 970 et
713 911 831 988 concipe
844 911 944 969 foedus.

203 996 263 1051 Aut
275 994 328 1052 hac
342 993 516 1050 Dardanium
530 991 629 1049 dextra
642 990 695 1048 sub
709 989 826 1048 Tartara
838 991 948 1048 mittam

204 1071 384 1129 Desertorem
398 1071 475 1129 Asiae
493 1069 624 1145 (sedeant
637 1077 821 1146 spectentque
835 1068 957 1148 Latini),
1125 1073 1161 1126 1⁵

203 1149 244 1207 Et
256 1150 330 1208 aolus
343 1150 415 1207 ferro
428 1149 535 1206 crimen
548 1166 701 1205 commune
714 1147 858 1220 refellam3

202 1231 262 1285 Aut
274 1228 377 1286 habeat
389 1228 489 1299 victos,
503 1227 585 1285 cedat
597 1225 716 1284 Lavinia
729 1227 842 1304 conjux.

243 1306 299 1364 Olli
313 1307 408 1364 sedato
421 1305 565 1382 respondit
577 1305 661 1362 corde
675 1305 792 1362 Latinus
803 1324 811 1378 3

204 1385 229 1442 0
242 1393 377 1460 praestans
391 1384 478 1442 animi
487 1384 612 1462 juvenis,
627 1380 763 1460 quantirm
776 1384 838 1459 ipse
851 1383 939 1442 feroci

203 1463 315 1521 Virtute
327 1481 489 1539 exsuperas,
503 1459 581 1520 tanto
596 1481 641 1519 me
654 1459 810 1538 impensids
824 1479 940 1536 aequum
955 1470 998 1522 est
1123 1469 1160 1520 20

204 1541 367 1616 Consulere,
383 1552 466 1617 atque
480 1560 578 1598 omnes
592 1549 765 1600 metuentem
779 1541 939 1616 expendere
953 1560 1043 1601 casus.

205 1620 277 1677 Sunt
289 1619 340 1677 tibi
353 1639 438 1696 regna
450 1619 536 1696 patris
549 1620 654 1694 Dauni,
669 1629 734 1677 sunt
747 1619 850 1696 oppida
863 1628 944 1696 capta

205 1697 296 1756 Multa
309 1717 411 1770 manu;
432 1717 485 1756 nec
499 1717 555 1755 non
571 1717 725 1775 aurumque
739 1699 906 1774 animusque
920 1700 1021 1756 Latino
1035 1704 1096 1756 est:

205 1777 277 1834 Sunt
290 1776 351 1833 aliae
366 1778 490 1853 innuptae
505 1778 586 1834 Latio
600 1787 628 1834 et
641 1776 828 1834 Laurentibus
842 1778 923 1852 agris,

204 1854 234 1912 N
236 1873 268 1912 ec
283 1875 371 1930 genus
385 1856 539 1912 indecores.
582 1855 649 1912 Sine
664 1874 709 1912 me
723 1856 786 1912 haec
800 1855 876 1911 haud
890 1855 986 1913 mollia
999 1855 1057 1914 latu
1123 1861 1162 1912 25

206 1933 327 1991 Sublatis
342 1933 447 2010 aperire
461 1933 552 2006 dolis;
573 1934 667 1994 animo
680 1933 735 1991 hoc
750 1933 833 2004 simul
847 1933 937 1992 hauri.

204 2011 256 2069 Me
270 2020 362 2070 natam
376 2011 445 2069 nulli
459 2020 585 2070 veterum
599 2013 706 2069 sociare
721 2031 867 2092 prqcorum

204 2090 262 2150 Fas
273 2099 352 2164 erat,
372 2091 458 2167 idque
472 2108 570 2152 omnes
584 2091 698 2165 divique
711 2090 897 2164 hominesque
910 2092 1066 2153 canebant:

203 2167 305 2227 Victus
319 2188 413 2227 amore
426 2170 477 2246 tui,
491 2175 610 2246 cognato
623 2169 760 2244 sanguine
773 2167 873 2243 victua,

205 2247 342 2325 Conjugls
356 2256 385 2306 et
398 2256 504 2306 moestae
519 2247 657 2323 lacrymis,
671 2245 766 2305 vincla
779 2246 875 2304 omnia
888 2244 969 2325 rupi3
1125 2252 1163 2306 30

206 2325 374 2383 Promissam
389 2327 478 2402 eripui
492 2343 613 2402 genero;
636 2343 713 2382 arma
725 2325 812 2401 impia
825 2327 942 2402 sumpsi.

205 2403 252 2459 Ex
267 2403 314 2460 illo
328 2405 376 2479 qui
390 2421 435 2461 me
449 2421 540 2477 casus,
555 2421 627 2479 quae,
642 2404 750 2477 Turne,
764 2409 916 2478 sequantur

205 2480 295 2555 Bella,
309 2482 408 2554 vides;
429 2490 547 2558 quantos
560 2483 667 2557 primus
681 2481 786 2558 patiare
800 2481 918 2540 labores.

205 2559 256 2616 Bis
269 2561 369 2634 magnai
383 2561 451 2617 victi
464 2561 559 2637 pugni
572 2560 622 2617 vix
635 2559 704 2617 urbe
718 2568 830 2617 tuemur

206 2637 277 2712 Spes
291 2636 375 2695 italas
386 2656 393 2710 3
415 2638 539 2695 recalent
551 2646 646 2696 nostro
660 2637 796 2695 Tiberina
807 2637 914 2696 fluente
1126 2645 1163 2697 35

206 2716 348 2791 Sanguine
362 2716 463 2792 adhuc,
478 2717 624 2793 campique
637 2717 767 2792 ingentes
780 2716 890 2775 ossibus
904 2716 1007 2776 albent

205 2791 270 2864 Qud
285 2795 388 2852 referor
401 2797 504 2853 toties?
525 2814 588 2872 quae
603 2806 726 2854 mentem
737 2795 846 2853 insania
860 2798 970 2854 mutet?

206 2873 246 2946 Si,
261 2873 357 2930 Turno
372 2875 519 2949 exstincto,
535 2875 627 2932 socios
641 2894 703 2932 sum
718 2875 825 2932 adscire
838 2884 959 2951 paratus,

205 2952 264 3009 Cur
276 2971 332 3009 non
347 2953 484 3011 incolumi
497 2951 590 3030 potiris
604 2954 759 3012 certamina
772 2953 838 3011 tollo
850 2956 861 3012 l

205 3030 282 3100 Quid
296 3033 496 3106 consanguinei
510 3032 620 3108 Rutuli,
635 3034 702 3109 quid
717 3041 819 3090 caetera
832 3032 907 3089 dicet
1126 3036 1163 3088 40

205 3109 294 3182 Italia,
310 3110 344 3167 ad
359 3115 475 3170 mortem
490 3112 555 3169 site
573 3112 643 3188 (sors
657 3111 733 3169 dieta
745 3111 847 3168 refutet
859 3109 881 3188 !)

203 3187 388 3262 Prodiderim,
402 3200 495 3248 natam
509 3198 538 3247 et
551 3191 691 3247 connubia
704 3198 798 3247 nostra
810 3191 976 3266 petentem?

202 3265 327 3341 Respice
342 3285 385 3324 res
400 3267 473 3325 bello
487 3269 595 3339 radas3
617 3268 748 3325 miserere
762 3267 885 3343 parentis

204 3342 349 3418 Longaevi,
364 3365 446 3420 quem
461 3365 536 3402 nunc
552 3355 681 3404 moestum
695 3346 783 3422 patria
797 3345 890 3402 Ardea
903 3341 987 3420 longe

202 3422 321 3479 Dividit.
363 3423 588 3500 Haudquaquam
602 3424 683 3480 dictis
697 3423 831 3480 violentia
844 3421 934 3479 Turni
1124 3425 1162 3480 45

204 3499 357 3556 Flectitur:
379 3512 529 3579 exsuperat
543 3499 640 3577 magis,
655 3501 838 3577 aegrescitque
852 3501 1001 3558 medendo.

203 3579 245 3636 Ut
257 3575 379 3654 primum
393 3581 443 3637 fari
456 3581 555 3656 potuit,
570 3581 610 3637 sic
623 3580 723 3656 institit
736 3598 802 3636 ore:
891 3619 893 3625 ι

204 3657 297 3726 Quam
311 3677 361 3732 pro
375 3678 420 3715 me
434 3678 527 3716 curam
542 3659 624 3733 geris,
638 3659 711 3716 hanc
726 3678 834 3736 precor,
849 3657 965 3736 optime,
979 3677 1030 3735 pro
1044 3677 1091 3714 me

203 3737 347 3812 Deponas,
362 3737 506 3816 letumque
519 3737 594 3794 sinas
609 3756 659 3813 pro
672 3737 756 3796 laude
770 3738 883 3816 pacisci.

204 3814 243 3871 Et
256 3833 307 3870 nos
321 3815 386 3889 tela,
400 3822 487 3889 pater,
502 3815 661 3892 ferrumque
673 3817 750 3874 haud
765 3817 858 3874 debile
872 3815 971 3874 dextri
1125 3819 1163 3871 50

203 3890 375 3964 spargimus,
391 3901 419 3949 et
432 3902 526 3950 nostro
540 3895 664 3968 sequitur
678 3897 713 3952 de
727 3897 843 3954 vulnere
857 3894 980 3970 sanguis.

201 3964 300 4040 Longe
316 3968 357 4024 illi
371 3969 424 4025 dea
438 3970 527 4028 meter
540 3973 600 4046 erit,
616 3993 678 4049 quse
693 3974 768 4030 nube
782 3975 912 4049 fugacem

203 4041 348 4100 Foemineai
362 4055 446 4121 tegat,
461 4057 489 4106 et
502 4050 582 4107 vanis
596 4070 658 4108 sese
673 4051 782 4109 occulat
796 4052 910 4109 umbris.
