2712 4488
220 539 272 598 288
613 541 789 596 AENEIDOS

222 692 406 768 Loricamque
420 708 504 746 mann
518 688 612 746 validi
625 689 749 746 lacerare
762 689 902 748 revulsam

221 769 351 828 Semiviri
364 768 493 844 Phrygis,
507 776 536 826 et
547 768 651 825 loedere
666 769 694 824 in
707 766 824 844 pulvere
838 769 929 826 erineo

221 847 352 905 Vibratos
365 847 455 904 calido
469 847 549 920 leiro,
564 845 732 922 myrrhaque
746 846 901 904 madentes.

259 925 313 984 His
327 925 415 1000 agitur
427 924 514 999 firriis,
528 931 642 999 totoque
657 924 780 982 ardentis
793 924 829 984 ab
842 943 890 982 ore

221 1004 355 1062 Scintillae
369 1003 523 1075 absistunt3
544 1002 633 1060 oeulis
646 1003 731 1060 micat
745 1002 854 1060 neribus
867 1003 958 1079 ignis:
1044 1013 1047 1020 ’

220 1082 348 1157 Mugitus
362 1082 447 1140 veluti
461 1100 548 1158 quum
561 1080 652 1156 prima
664 1081 694 1137 in
707 1081 807 1156 proelia
821 1090 914 1139 tauma

220 1159 368 1218 'l'errifieos
381 1161 445 1234 ciet,
460 1169 542 1236 atque
555 1159 639 1217 irasci
652 1159 682 1216 in
695 1179 800 1217 cornua
812 1168 909 1236 tentat,
948 1217 951 1226 ,

221 1239 333 1297 Arboris
346 1238 468 1296 obnixus
481 1248 588 1313 trunco,
603 1247 758 1316 ventosque
772 1239 884 1297 lacessit

222 1317 334 1394 letibus,
348 1325 376 1375 et
389 1317 484 1395 sparsa
497 1317 532 1375 ad
544 1335 668 1393 pugnam
682 1317 807 1398 proludit
819 1319 912 1375 arent.
922 1306 961 1410 ιλ·
976 1347 983 1378 .·
1007 1329 1014 1359 ¹
1026 1336 1042 1366 ··

257 1396 319 1454 Neo
333 1392 426 1454 minito
438 1395 546 1453 interea
558 1397 690 1453 maternis
704 1397 838 1464 saevosin
853 1398 937 1454 umis
999 1440 1006 1462 ,,

220 1474 326 1532 AEneas
339 1474 414 1532 acuit
426 1475 558 1550 Martem,
573 1482 644 1533 etse
659 1475 775 1533 suscitat
786 1475 837 1551 iri,

221 1551 320 1611 Oblata
334 1554 458 1630 gaudens
472 1553 605 1630 componi
618 1553 724 1611 loedere
736 1552 852 1628 bellum,

221 1631 293 1688 Tum
307 1631 397 1690 socios
410 1631 558 1709 moestique
571 1641 678 1690 metum
691 1632 796 1690 solatur
809 1632 873 1708 Ibli,

220 1709 288 1768 Feta
300 1710 422 1784 doeens3
443 1711 559 1787 regique
568 1710 651 1788 jubet
664 1729 797 1788 responsa
810 1713 912 1769 Latino

108 1829 112 1836 -
220 1789 303 1847 Certa
315 1790 417 1848 referre
429 1789 513 1864 viros,
527 1797 556 1847 et
568 1789 646 1865 pacis
660 1789 756 1848 dicere
768 1790 854 1866 leges.
940 1825 943 1834 ·

256 1867 372 1926 Postera
384 1869 433 1926 vix
445 1885 571 1926 summos
584 1866 733 1944 spargebat
744 1869 851 1926 lumine
864 1877 974 1927 montes

220 1947 287 2005 Orta
299 1947 369 2022 dies,
384 1967 471 2024 quum
484 1943 607 2023 primirm
621 1946 677 2005 alto
690 1965 721 2004 se
734 1947 842 2022 gurgite
855 1947 956 2005 tollunt

220 2025 292 2083 Solis
307 2026 381 2102 equi,
397 2025 548 2102 lucemque
562 2025 641 2084 elatis
655 2025 767 2084 naribus
781 2024 894 2084 efflant:

219 2104 357 2183 Campum
372 2105 408 2162 ad
420 2112 573 2179 certamen,
588 2123 696 2179 magnae
711 2104 763 2163 sub
778 2105 918 2164 moenibus
930 2105 1016 2179 urbis,
1117 2141 1124 2156 ·

219 2183 349 2242 Dimensi
362 2183 520 2260 Rutulique
532 2183 585 2240 viri
599 2183 760 2261 Teucrique
774 2183 926 2260 parabant3

220 2261 253 2319 ln
267 2262 416 2339 medioque
429 2262 516 2338 locos,
531 2270 559 2320 et
572 2261 615 2320 dis
629 2262 826 2320 communibus
840 2280 900 2320 aras

71 2358 74 2369 ·
105 2374 108 2385 -
124 2347 126 2355 ’
220 2341 403 2416 Gramineas,
424 2341 472 2400 alii
485 2341 647 2417 fontemque
660 2341 813 2417 ignemque
825 2340 961 2416 serebant,

153 2481 157 2503 ,
221 2417 313 2498 Velati
325 2419 403 2496 limo,
418 2429 446 2479 et
458 2419 583 2477 verbena
597 2428 723 2496 tempora
735 2419 831 2477 vincti.

219 2491 350 2557 Pr‘ocedit
362 2498 436 2574 legio
448 2497 637 2572 Ausonidum,
651 2496 793 2574 pilataque
806 2497 897 2575 plenis

169 2579 173 2586 “
220 2577 341 2652 Agmina
354 2596 384 2636 se
398 2577 519 2634 fundunt
531 2576 637 2653 portis:
658 2576 725 2634 bino
739 2576 841 2634 Troius
855 2577 956 2652 omnis,

220 2655 440 2732 Tyrrhenusque
454 2654 510 2713 mit
521 2655 606 2712 variis
620 2655 760 2712 exereitus
774 2655 875 2712 armis:

220 2733 304 2792 Haud
319 2753 400 2792 secus
413 2733 540 2792 instructi
553 2733 634 2808 ferro,
649 2729 733 2810 quim
748 2733 771 2791 si
785 2753 883 2812 aspera
895 2734 996 2792 Martis

220 2813 319 2888 Pugna
331 2819 422 2870 vocet.
462 2811 597 2870 Necnon
611 2811 711 2870 mediis
726 2811 754 2869 in
769 2812 892 2872 millibus
906 2813 959 2889 ipsi

220 2891 360 2950 Ductores
373 2910 440 2949 auro
450 2891 571 2963 politant
584 2898 715 2966 ostroque
729 2891 833 2967 decori,

222 2969 261 3028 Et
273 2989 362 3046 genus
376 2970 505 3028 Assaraci
518 2969 698 3044 Mnestheus,
713 2979 742 3029 et
754 2970 831 3029 sortis
844 2970 955 3048 Asylas,

225 3048 261 3106 Et
274 3048 423 3126 Messapus
437 3047 541 3125 equium
555 3050 684 3124 domitor,
698 3049 846 3126 Neptunia
858 3048 960 3126 proles.

220 3129 327 3204 thue,
341 3128 405 3186 dato
419 3127 508 3203 signo,
523 3128 612 3204 spatia
624 3128 653 3185 in
668 3146 719 3184 sua
731 3128 850 3205 quisque
864 3129 987 3203 recessit,
1018 3137 1027 3152 '

221 3207 359 3282 Defigunt
370 3206 469 3265 tellure
482 3206 586 3281 hastas,
601 3215 630 3264 et
642 3214 722 3264 scuta
734 3206 878 3264 reclinant.
1125 3210 1181 3262 130

223 3285 298 3342 Tum
312 3285 403 3344 studio
418 3284 514 3342 effusae
528 3295 640 3359 matres,
655 3292 684 3342 et
696 3285 798 3359 vulgus
811 3284 959 3354 inermum,

224 3363 399 3438 lnvalidique
413 3382 504 3437 senes,
519 3371 608 3420 turres
622 3371 651 3419 et
664 3369 738 3419 tecta
751 3362 897 3419 domorum

224 3439 388 3499 Obsedbre:
410 3441 458 3498 alii
471 3442 558 3517 portis
573 3437 739 3498 sublimibus
754 3439 871 3497 adstant

261 3521 300 3578 At
311 3519 395 3593 Juno,
409 3539 425 3576 e
440 3537 558 3593 summo,
572 3519 620 3595 qui
634 3534 709 3575 nuno
723 3517 851 3575 Albanus
865 3518 993 3595 babetur,

227 3596 318 3674 (Tum
332 3615 424 3674 neque
438 3616 541 3655 nomen
555 3604 623 3670 erat,
637 3613 690 3652 nee
703 3594 803 3670 bonos,
817 3606 866 3655 eut
879 3596 967 3672 gloria
980 3597 1083 3668 monti)
1125 3602 1180 3655 135

224 3675 401 3752 Prospiciens
414 3675 532 3749 tumulo,
547 3693 679 3750 eampum
694 3673 883 3752 adspectabat,
898 3684 927 3734 et
940 3677 1036 3735 ambas

223 3754 395 3812 Laurentbm
409 3753 573 3830 Troumque
587 3753 670 3827 acies,
684 3751 839 3829 urbemque
852 3754 954 3813 Latini.

224 3832 378 3907 Extemplo
391 3829 481 3887 Turni
494 3831 535 3887 sic
550 3838 592 3888 est
605 3830 688 3889 affata
700 3848 823 3892 sororem

223 3909 300 3966 Diva
312 3910 394 3965 deam
408 3909 512 3982 stagnis
526 3928 588 3984 quae
600 3909 818 3985 fluminibusque
831 3912 938 3969 sonoris

224 3985 377 4057 Prresidet;
398 3984 475 4043 bunc
487 3985 529 4042 illi
542 4005 592 4044 rex
606 3987 718 4045 aetberis
732 3986 802 4046 altus
814 3987 950 4048 bonorem
1126 3997 1181 4050 140
1277 3997 1283 4038 ¹¹

223 4061 332 4136 iupiter
345 4064 440 4139 erepta
453 4082 503 4139 pro
516 4064 674 4140 virginitate
687 4066 823 4124 sacravit:
