3076 4514
574 389 687 445 LIBER
706 391 755 446 vl.

185 538 296 598 luscius
309 539 428 616 AEnees,
443 559 507 617 que
521 539 578 600 sint
590 559 626 600 ea
637 540 756 600 flumina
767 541 859 619 porrd,

185 617 280 690 Quive
293 619 346 676 viri
360 626 436 678 tanto
451 618 621 698 complerint
634 620 747 696 agmine
760 621 843 698 ripas.

184 697 261 754 Tum
274 707 355 775 pater
366 697 526 757 Anchises:
546 699 661 758 Animus·
675 698 779 774 quibus
793 700 880 760 altera
891 699 947 758 sato

184 775 311 854 Corpora
323 776 462 835 debentur
474 778 587 841 Lethei
601 777 637 836 sd
649 777 774 836 fluminis
787 780 891 838 undam
909 835 916 856 Ι

185 855 305 912 Securos
318 854 417 914 latices
431 856 793 934 etlongaobliviapotant.
864 886 877 930 ,r
1092 860 1148 917 715
1224 893 1276 934 .·

109 933 114 938 '
183 932 246 991 Has
259 934 392 1011 equidem
406 953 562 994 memorare
575 934 637 1011 tibi,
652 944 735 1012 atque
748 937 898 996 ostendere
911 936 1016 1012 cotim,

181 1011 246 1070 Jem
258 1013 368 1090 pridem
382 1033 415 1071 ac
427 1014 536 1090 prolem
550 1015 634 1092 cupio
648 1034 812 1074 enumerare
825 1024 947 1091 tuorum,

184 1088 252 1162 Quo
266 1089 355 1167 mogis
370 1093 452 1151 lteliti
466 1112 579 1153 mecum
592 1094 689 1153 ltetere
702 1095 822 1172 reperti.

184 1168 210 1228 0
244 1179 312 1246 ater,
327 1189 400 1229 anne
415 1172 522 1249 aliquas
536 1172 571 1231 ad
585 1173 688 1232 coelum
702 1174 770 1232 hinc
784 1175 825 1232 ire
837 1173 995 1251 putandum
1008 1180 1052 1232 est

138 1285 160 1304 »e
185 1189 328 1307 sublimes
342 1251 459 1327 animas,
474 1253 633 1328 iterumque
647 1253 677 1309 in
692 1253 769 1310 tarda
782 1252 884 1311 reverti
987 1284 992 1292 ·
1090 1253 1146 1308 720

146 1331 158 1370 '³
183 1327 331 1406 Corpora?
349 1399 352 1407 ¹
366 1329 439 1400 Quoe
453 1330 527 1388 lucis
541 1331 650 1389 miseris
663 1339 721 1388 tam
735 1330 796 1387 diro
808 1330 932 1407 cupido?

183 1407 286 1466 Dicam
300 1408 450 1484 equidem;
470 1427 525 1466 neo
538 1416 566 1467 te
580 1427 758 1486 suspensum,
772 1417 847 1484 uste,
861 1408 982 1467 tenebo:

139 1541 143 1552 ,
184 1485 310 1563 Suscipit
322 1485 473 1562 Anchises,
488 1494 572 1564 atque
586 1487 683 1545 ordine
697 1486 807 1560 singula
820 1487 927 1564 pandit.

221 1564 366 1641 Principio
379 1565 493 1641 coelum,
508 1585 541 1624 ac
554 1574 650 1641 terras,
664 1583 835 1644 camposque
849 1565 998 1642 liquentes,

183 1643 399 1720 Lucentemque
412 1644 527 1720 globum
541 1645 626 1720 lunae,
640 1645 810 1721 Titaniaque
824 1652 906 1720 astra,
1091 1648 1147 1703 725

184 1722 304 1800 Spiritus
317 1724 394 1781 intus
408 1724 473 1797 elit,
494 1731 638 1802 totamque
650 1725 745 1783 infusa
756 1743 809 1801 per
821 1733 896 1784 artus

182 1801 269 1860 Mens
283 1803 369 1878 agitet
381 1803 496 1879 molem,
511 1812 540 1862 et
553 1823 656 1882 magnq
670 1823 701 1862 se
715 1822 831 1880 corpore
845 1803 954 1862 miscet.

149 1898 162 1926 u
183 1880 255 1938 Inde
268 1881 416 1940 hominum
428 1884 627 1960 pecudumque
641 1902 740 1959 genus,
754 1883 878 1958 viteque
891 1881 1046 1958 volantium,

161 1975 172 2022 Ρ
182 1960 223 2018 Et
236 1979 300 2036 quae
313 1980 469 2020 marmoreo
482 1962 536 2022 sert
549 1971 674 2021 monstrt
686 1961 738 2020 sub
752 1980 865 2038 aequore
878 1967 990 2038 pontus.

154 2036 170 2116 J
183 2037 289 2114 Igneus
303 2047 347 2098 est
359 2039 421 2098 ollis
435 2040 515 2116 vigor
528 2049 556 2100 et
569 2042 691 2100 coelestis
705 2041 782 2117 origo
1090 2043 1146 2098 730

144 2147 156 2179 s
184 2116 355 2193 Seminibus,
369 2117 505 2196 quantim
518 2139 576 2178 uon
590 2120 677 2178 noxio
690 2138 806 2198 corpore
817 2119 937 2196 tardant,

136 2223 141 2239 ν
183 2195 358 2274 Terrenique
372 2197 507 2259 hebetent
520 2207 594 2258 artus
608 2198 830 2276 moribundaque
843 2200 978 2258 membra.

183 2275 261 2334 Hinc
274 2285 405 2336 metuunt
417 2277 601 2356 cupiuntque,
615 2279 713 2338 dolent
725 2279 923 2356 gaudentque3
943 2297 1037 2356 neque
1050 2297 1131 2338 aures

181 2354 354 2433 Dispiciunt,
368 2356 471 2416 clausae
484 2359 608 2418 tenebris
622 2367 651 2418 et
664 2377 777 2418 carcere
790 2376 877 2418 caeco.

184 2432 262 2504 Quin
276 2441 305 2492 et
318 2454 449 2512 supremo
463 2441 549 2514 quuni
562 2439 670 2496 lumine
683 2438 743 2508 vita
754 2436 876 2514 reliquit,
1047 2461 1049 2469 ·
1090 2440 1146 2495 735

182 2511 358 2570 Nontsmen
373 2532 457 2572 omne
471 2516 576 2574 melum
590 2517 709 2592 miseris,
724 2536 778 2574 nec
791 2513 918 2575 funditus
932 2534 1030 2575 omnes
1093 2559 1098 2570 .
1144 2527 1147 2532 '

183 2590 334 2668 Corporeae
349 2593 492 2652 excedunt
503 2603 616 2670 pestes,
637 2593 806 2672 penitusque
820 2613 938 2654 necesse
952 2602 996 2652 est

182 2669 278 2728 Multa
291 2670 340 2727 diu
352 2679 485 2728 concreta
495 2673 588 2730 modis
600 2673 757 2732 inolescere
770 2673 857 2730 miris.
1053 2741 1056 2749 Ι

183 2747 261 2824 Ergo
275 2757 443 2806 exercentur
455 2750 556 2825 poenis,
570 2759 755 2826 veterumque
768 2751 906 2809 melorum
997 2793 1002 2810 .,
1038 2769 1041 2774 ’

184 2825 330 2903 Supplicia
343 2827 515 2903 expendunt.
556 2828 630 2886 Alie
643 2829 806 2904 panduntur
817 2829 917 2886 inanes
1090 2832 1146 2888 740

185 2905 335 2982 Suspensae
349 2904 385 2963 cd
397 2912 516 2963 ventos:
538 2907 599 2964 aliis
613 2906 665 2964 sub
679 2907 788 2982 gurgite
800 2914 894 2978 vasto,
998 2961 1001 2966 .

184 2983 323 3042 Insectum
339 2983 442 3043 eluitur
455 2984 557 3062 scelus,
571 2993 620 3043 aut
633 2985 759 3043 exuritur
771 2985 849 3061 igni:

184 3063 313 3140 Quisque
327 3081 392 3121 suos
404 3063 526 3140 patimur
539 3083 654 3137 manes;
676 3063 780 3122 exinde
792 3081 844 3142 per
857 3061 981 3140 amplum

66 3186 70 3207 .
183 3143 325 3200 Mittimus
337 3141 481 3219 Elysium,
495 3152 525 3202 et
556 3143 619 3201 auci
632 3143 698 3202 laeta
711 3162 776 3201 orvs
788 3151 938 3202 tenemus:

183 3221 284 3279 Donec
297 3221 382 3297 longa
394 3222 466 3297 dies,
480 3163 603 3301 perlecto
616 3221 751 3300 temporis
765 3221 842 3297 orbe,
1089 3225 1145 3282 745

184 3299 351 3359 concretam
365 3302 472 3360 exemit
483 3300 587 3378 labem,
600 3321 759 3380 purumque
772 3299 887 3395 reliquit

183 3377 346 3436 AEtberium
360 3399 484 3454 sensum,
499 3389 582 3458 atque
597 3383 674 3440 aurai
687 3381 823 3458 simplicis
837 3398 941 3456 ignem.

172 3456 245 3518 ,Has
259 3475 366 3532 omnes,
378 3457 431 3519 nbi
444 3459 522 3517 mille
536 3467 625 3518 rotam
639 3457 753 3519 volvere
766 3478 818 3536 per
831 3477 928 3534 annos,
963 3491 964 3496 κ

183 3534 332 3593 Letbaeum
347 3536 382 3593 ad
395 3536 512 3594 flurium
527 3539 598 3596 deus
611 3547 711 3596 evocat
723 3539 835 3615 agmine
848 3556 961 3614 magno,

185 3612 301 3672 Scilicet
313 3612 493 3673 immemores
507 3635 609 3694 supera
620 3625 652 3675 ut
664 3635 793 3676 convexa
805 3617 938 3690 revisant,
1090 3616 1147 3672 750

183 3691 292 3750 Rursus
306 3700 335 3750 et
346 3691 482 3769 incipient
493 3694 524 3753 iu
539 3713 656 3772 corpora
667 3695 743 3753 velle
756 3694 866 3754 reverti.

184 3771 303 3830 Dixerat
314 3769 475 3830 Anchises:
496 3781 660 3850 natumque,
673 3774 787 3850 unique
802 3772 949 3849 Sibyllam,

184 3849 348 3909 Conventus
361 3848 447 3908 trahit
459 3848 489 3908 in
503 3851 611 3910 medios
624 3850 791 3928 turbamque
805 3857 971 3923 sonantem3

379 3933 414 3986 16
427 3929 443 3961 *
