2712 4488
501 597 612 650 LIBER
628 597 676 650 XI.

107 737 144 795 At
153 741 280 819 juvenis,
294 744 396 803 vicisse
410 745 475 802 dolo
488 752 573 820 ratus,
589 745 681 804 avolat
694 746 754 823 ipse

105 814 193 876 Haud
208 839 296 897 mora,
310 825 510 900 conversisque
523 823 608 899 lirgax
623 825 745 883 aufertur
757 825 886 903 habenis,

105 893 385 977 Quadrupedemque
400 903 487 959 citum
500 901 601 959 ferrati
615 901 693 966 ealce
707 904 811 979 fatigat.

104 971 189 1032 Vane
203 978 300 1054 Ligus,
314 979 471 1056 frustraque
486 980 586 1037 animis
600 981 673 1039 elate
687 983 823 1058 superbis,

103 1050 306 1132 Nequidquam
318 1060 422 1134 patrias
436 1059 550 1117 tentisti
563 1059 687 1118 lubricus
701 1069 773 1119 artes
784 1080 792 1134 ;

103 1128 133 1185 N
136 1150 168 1188 ee
182 1133 256 1193 fraus
270 1145 297 1194 te
311 1137 484 1194 incolumem
497 1135 590 1194 fallaci
605 1138 726 1214 perferet
740 1141 834 1198 Auno.

104 1207 178 1266 Haee
193 1211 266 1272 satur
279 1215 366 1290 virgo,
382 1223 410 1272 et
422 1215 584 1292 pernicibus
598 1217 682 1291 ignea
694 1217 798 1295 plantis

104 1285 219 1348 Transit
233 1313 337 1369 equum
351 1313 445 1368 cursu,
460 1293 611 1370 sraenisque
624 1295 741 1352 adversa
753 1297 901 1373 prehensis

104 1365 301 1446 congreditur,
315 1387 471 1448 poenasque
484 1372 600 1430 inimico
615 1391 652 1430 ex
666 1377 801 1448 sanguine
815 1377 918 1434 sumit:
1006 1381 1066 1434 Ι720

104 1443 200 1513 Quam
214 1448 295 1507 facile
311 1450 444 1527 accipiter
457 1469 526 1506 saxo
540 1469 620 1507 sacer
633 1451 691 1508 ales
706 1452 740 1508 ab
754 1454 810 1511 alto

103 1523 295 1603 Consequitur
307 1529 410 1604 pennis
424 1527 575 1585 sublimem
588 1529 618 1585 in
632 1529 707 1587 nube
722 1531 892 1606 columbam,

103 1601 364 1682 Comprensamque
378 1615 465 1680 tenet,
479 1606 657 1682 pedibusque
671 1608 808 1666 eviscerat
820 1610 921 1683 uncis,

102 1680 177 1739 Tum
193 1703 275 1742 eruor
288 1693 316 1742 et
329 1685 417 1742 vulsae
432 1685 564 1742 labuntur
577 1685 612 1742 ab
627 1686 732 1743 aethere
745 1687 860 1763 plumae.

140 1763 180 1820 At
194 1783 250 1821 non
265 1763 326 1821 haec
340 1764 424 1821 nullis
438 1764 586 1821 hominurn
600 1771 675 1824 sator
688 1772 772 1842 atque
786 1767 902 1824 deorum
1010 1773 1065 1824 725

103 1836 265 1900 Observans
278 1843 376 1918 oculis,
391 1861 503 1902 summo
517 1843 597 1901 sedet
611 1843 683 1900 altus
699 1843 831 1920 Olympo.

102 1915 282 1993 Tyrrhenum
296 1921 600 1996 genitorTarcbonem
613 1922 642 1978 in
656 1923 756 1998 proelia
768 1941 843 1981 saeva

104 1995 235 2075 Suscitat,
250 2010 279 2059 et
292 2000 411 2058 stimulis
426 2001 500 2058 haud
515 2000 646 2058 mollibus
660 2001 752 2078 injicit
765 2001 828 2060 iras.

102 2074 179 2152 Ergo
193 2080 266 2138 inter
279 2080 373 2136 caedes
387 2080 572 2154 cedentiaque
587 2080 699 2155 agmina
712 2081 825 2138 Tarcho
883 2128 888 2138 .

101 2152 202 2215 Fertur
216 2177 298 2234 equo,
312 2159 454 2235 variisque
467 2158 581 2232 instigat
594 2158 710 2216 vocibus
725 2159 791 2235 alas,
1010 2164 1064 2216 730

100 2231 230 2294 Nomine
241 2255 381 2313 quemque
394 2256 518 2308 vocans3
539 2237 684 2313 reficitque
698 2237 728 2294 in
741 2239 841 2314 pratia
853 2237 967 2314 pulsos:

101 2311 174 2382 Quis
189 2324 292 2390 metus,
307 2335 324 2372 o
338 2335 481 2392 nunquam
496 2315 618 2391 dolituri,
633 2335 650 2372 o
664 2335 776 2392 semper
788 2319 892 2375 inertes

101 2389 252 2470 Tyrrheni,
266 2414 330 2472 quae
345 2403 421 2453 tanta
435 2394 535 2452 animis
548 2395 661 2470 ignavia
673 2396 773 2454 venit?
880 2447 882 2452 ,
952 2461 953 2466 1

38 2517 42 2526 .
101 2469 233 2530 Foemina
245 2474 373 2550 palantes
384 2475 449 2550 agit,
465 2482 547 2549 atque
557 2474 625 2532 haec
639 2475 751 2550 agmina
763 2475 856 2553 pertit.
934 2537 937 2545 ,

102 2549 168 2620 Quo
183 2552 306 2610 serrum?
328 2554 432 2631 quidve
445 2554 507 2610 haeo
521 2553 646 2628 gerimus
659 2553 717 2612 tela
730 2554 806 2612 irrita
819 2552 946 2611 dextris?
1009 2557 1064 2611 735

100 2629 140 2687 At
152 2650 209 2688 non
223 2632 252 2688 in
267 2632 411 2689 Venerem
425 2651 526 2707 segnes
539 2641 732 2708 nocturnaque
746 2633 831 2708 bella,

25 2755 26 2760 ,
101 2708 168 2785 Aut,
183 2709 232 2766 ubi
246 2729 332 2767 curva
344 2711 444 2768 choros
458 2710 562 2769 indixit
574 2712 644 2770 tibia
657 2711 774 2786 Bacchi,

102 2785 276 2865 Exspectare
291 2789 376 2865 dapes
391 2797 419 2845 et
431 2789 523 2864 plenae
535 2790 639 2864 pocula
652 2807 768 2846 mcnsae.

102 2864 159 2924 Hic
174 2886 259 2940 amor,
274 2866 328 2923 hoc
343 2867 477 2939 studium,
492 2866 558 2922 dum
573 2887 651 2924 sacra
665 2866 805 2923 secundus
819 2866 962 2942 haruspex

101 2943 130 3001 N
133 2946 232 3020 uhtiet,
248 2963 279 3002 ac
293 2945 372 3002 lucos
385 2953 469 3002 vocet
482 2943 575 3000 hostia
588 2944 701 3020 pinguis
715 2944 743 3000 in
758 2944 836 3002 altos
849 2965 851 2970 ’
1007 2949 1063 3001 740
1089 2923 1091 2926 ¹

141 3024 212 3081 Haec
227 3023 335 3096 effatus,
351 3041 457 3098 equum
470 3022 499 3078 in
514 3023 631 3097 medios,
646 3021 796 3081 moriturus
810 3023 922 3098 etipse,

102 3101 243 3176 Concitet,
258 3110 287 3160 et
296 3101 414 3159 'Venulo
429 3102 576 3166 adversum
591 3119 622 3158 se
635 3099 762 3158 turbidus
775 3100 876 3181 infert:
936 3113 940 3122 ⁴

104 3179 318 3257 Dereptumque
333 3180 366 3237 ab
381 3199 454 3256 equo
468 3180 567 3237 dextri
581 3178 778 3254 complectitur
790 3178 912 3253 hostem,

103 3258 143 3316 Et
156 3261 293 3336 gremium
308 3267 372 3317 ante
386 3278 467 3316 suum
482 3257 570 3315 multia
584 3258 612 3314 vi
626 3257 752 3315 concitus
767 3257 873 3315 aufert·

104 3337 225 3396 Tollitur
237 3339 266 3395 in
280 3338 383 3396 coelum
398 3339 511 3411 elamor,
526 3338 678 3412 cunctique
691 3337 787 3394 Latini
1007 3339 1063 3392 745

104 3414 276 3475 Convertdre
290 3417 406 3474 oculos:
427 3417 504 3474 volat
516 3415 616 3491 igneus
631 3433 743 3492 aequore
757 3415 879 3488 Tarcho,

28 3535 30 3544 .
103 3497 191 3552 Arma
202 3495 351 3571 virumque
364 3495 475 3554 ferens:
497 3503 558 3554 tum
572 3495 682 3552 summai
695 3494 783 3570 ipsius
797 3493 831 3551 ab
845 3493 926 3551 hasti

104 3573 245 3648 Delringit
257 3573 369 3646 sermm,
385 3582 413 3632 et
425 3582 519 3649 partes
533 3574 648 3630 rimatur
662 3580 780 3649 apertas,

105 3653 171 3723 Qua
184 3651 287 3709 vulnus
301 3651 384 3709 letale
398 3652 476 3709 ferat.
518 3648 624 3708 Contra
637 3650 686 3708 ille
700 3669 859 3727 repugnans

106 3731 230 3788 Sustinet
244 3749 260 3786 a
269 3729 369 3806 jugulo
383 3731 520 3803 dextram,
535 3737 563 3786 et
575 3729 634 3786 rim
646 3729 833 3816 viribusexit.
1006 3731 1062 3783 750

104 3811 202 3885 thue
214 3807 312 3864 volans
327 3805 381 3864 altd
396 3816 504 3882 raptum
518 3826 605 3883 quum
618 3807 695 3864 fulva
708 3809 859 3884 draaoqem

104 3889 171 3946 Fert
184 3886 285 3965 aquila,
300 3886 495 3962 implicuitque
508 3885 605 3962 pedet,
621 3893 703 3960 atque
716 3886 858 3961 unguibus
871 3882 971 3954 haesit;

106 3968 224 4026 Saucius
239 3973 267 4024 at
279 3983 395 4042 serpens
409 3963 522 4022 sinuosa
533 3963 678 4020 volumina
691 3974 792 4038 versat,

104 4047 282 4121 Arrectisque
295 4045 389 4101 horret
403 4042 535 4118 squamis,
550 4050 580 4099 et
592 4039 685 4099 sibilat
698 4061 755 4115 oraq

104 4126 217 4182 Arduus
230 4125 376 4195 insurgens
388 4142 396 4195 ;
418 4121 466 4179 illa
478 4120 552 4178 haud
568 4115 662 4176 minos
677 4129 756 4194 urget
769 4118 880 4176 obunco
1006 4121 1063 4174 755

261 4209 297 4260 24
310 4203 325 4234 *

1329 2753 1330 2760 ⁴
1302 2709 1306 2720 -
1303 2624 1330 2650 L
1304 2527 1330 2586 ἱ
1313 2465 1330 2518 ᾼὶᾼ
1294 1715 1330 2452 ῂ-ἱᾎιιμᾳΐιῃμᾼῌῴᾼᾼ-ιῃ
