2712 4488
508 531 621 586 LIBER
642 531 689 583 Xl.

115 681 191 737 [ara
201 681 273 738 mibi
287 690 352 739 aute
366 681 452 738 elias:
474 699 568 756 neque
582 681 658 737 enim
671 699 762 737 novus
775 681 828 738 iste
844 683 946 741 Dianae

116 759 207 816 Venit
220 779 308 832 amor,
324 759 472 835 subitique
487 761 612 816 animum
626 759 779 816 dulcedine
793 762 892 820 movit.

116 837 223 895 Pulsus
239 839 275 895 ob
289 838 425 896 invidiam
440 857 527 912 regno
541 839 671 912 viresque
685 839 829 915 superbas,

116 916 256 974 Priverno
272 917 385 991 antiqui
400 916 534 974 Metabus
549 935 636 991 quum
653 916 805 974 excederet
819 919 910 993 urbe,
915 931 924 954 ⁸

118 993 273 1067 lul-antem,
287 996 398 1070 fugiens
413 995 527 1052 media
519 1005 593 1051 rnter
605 995 705 1070 praelia
718 995 796 1087 belli,

119 1073 241 1131 Sustulit
255 1074 355 1132 exsilio
369 1074 511 1146 comitem,
526 1073 679 1152 matrisque
693 1075 805 1132 vocavit

117 1152 247 1209 Nomine
261 1152 416 1226 Casmillae,
431 1152 539 1210 mutata
551 1161 640 1243 parte,
656 1152 819 1208 Camillam.

118 1230 235 1304 lpse,
212 1250 278 1288 sinu
291 1250 350 1308 prae
365 1249 395 1287 se
409 1239 533 1306 portans,
544 1233 614 1307 juga
627 1231 711 1305 longa
724 1232 838 1306 petebat

119 1309 252 1366 Selorum
266 1328 436 1367 nemorum·
430 1353 436 1364 .
458 1309 517 1366 tela
531 1309 655 1384 undique
669 1328 744 1366 saevo
757 1309 939 1386 ιιιοιιιιιιιοιιι,ι

117 1388 158 1445 Ει
175 1386 345 1445 circumfuso
358 1387 514 1445 volitabant
526 1387 615 1443 milite
630 1387 738 1444 Volsci.

118 1467 210 1542 Ecce,
226 1466 300 1542 lugoe
315 1467 419 1538 medio,
435 1467 553 1522 summis
567 1468 728 1522 Amasenus
743 1466 889 1526 abundans
972 1461 974 1467 ’

119 1543 280 1620 Spumabet
293 1545 378 1620 ripis;
400 1553 494 1602 tantus
508 1563 538 1601 se
552 1542 676 1604 nubibus
689 1544 779 1601 imber

117 1625 263 1700 leluperat:
285 1623 342 1698 ille,
357 1625 454 1680 innare
467 1641 578 1699 parans,
589 1621 703 1680 inl'antis
717 1642 811 1680 amore

118 1703 270 1775 Tardatur,
285 1721 405 1777 caroque
416 1702 495 1758 oneri
508 1701 596 1758 timet.
639 1701 742 1758 Omnia
756 1721 858 1760 seeum.

117 1781 256 1838 Versanti
270 1777 363 1838 subiti
377 1781 426 1838 vix
440 1780 503 1838 haee
514 1780 653 1838 sententia
667 1779 757 1838 sedit:

117 1860 227 1918 Tel-um
241 1860 375 1934 immane,
390 1879 477 1917 manu
489 1859 583 1917 ralidt
597 1859 671 1935 quod
686 1856 757 1917 sorte
772 1861 890 1935 gerebat

116 1938 257 2013 Bellator‚
272 1937 393 1996 solidum
407 1939 489 1995 nodis
503 1946 532 1995 et
544 1938 644 1994 robore
658 1945 748 2014 coeto,

118 2018 198 2076 Huic
213 2025 319 2091 natam,
334 2017 405 2074 libro
419 2026 448 2076 et
461 2015 582 2074 silvestri
596 2016 696 2073 subere
711 2017 845 2090 clausam,

118 2097 263 2172 lmplieat‚
278 2105 361 2171 atque
375 2095 500 2153 habilem
515 2095 617 2152 medie
631 2095 808 2171 circumligat
821 2096 925 2153 hastae„
1032 2102 1087 2154 555

117 2177 219 2246 Quam
237 2175 335 2232 dextri
349 2175 456 2249 ingenti
469 2174 586 2248 librans,
597 2175 636 2231 ita
649 2174 685 2230 ad
698 2173 804 2231 aethera
816 2174 906 2232 satur:

117 2255 215 2330 Alma,
229 2253 280 2310 tibi
294 2253 377 2328 hanc,
392 2269 539 2310 nemorum
553 2252 664 2327 cultrix,
680 2253 799 2310 Latonia
812 2253 901 2328 virgo,

118 2333 187 2410 Ipse
202 2342 282 2409 pater
294 2331 428 2390 famulam
442 2351 550 2390 voveo:
572 2340 620 2390 tua
633 2332 725 2408 prime
736 2351 787 2408 per
801 2351 881 2390 auras

117 2411 193 2468 Tela
208 2423 308 2469 tenens
322 2410 444 2487 supplex
457 2411 568 2468 hostem
582 2411 661 2486 sugit.
704 2411 823 2487 Accipe,
837 2419 932 2486 testor,

117 2489 207 2565 Diva,
223 2500 308 2562 tuom,
324 2509 387 2565 quae
401 2509 477 2547 nunc
491 2489 584 2546 dubiis
597 2489 780 2547 committitur
793 2491 875 2548 auris.

116 2570 213 2644 Dixit,
230 2579 258 2628 et
247 2569 391 2628 taddueto
405 2577 563 2626 contortum
577 2568 679 2626 hastile
693 2567 797 2626 lacerto

118 2613 268 2706 immittit:
291 2647 410 2705 sonubrc
423 2649 526 2720 undae3
547 2647 676 2723 rapidum
691 2667 776 2724 super
789 2667 901 2705 amnem

118 2727 228 2784 lnlelix
241 2725 332 2801 fugit
325 2745 354 2783 m
364 2726 460 2802 jaculo
475 2691 610 2784 stridente
624 2726 753 2783 Camilla.

116 2811 158 2863 ‚tt
173 2804 319 2874 Metabus,
334 2805 436 2878 magnai
449 2801 563 2880 propiis
573 2807 633 2879 jam
647 2813 764 2877 urgente
779 2804 901 2877 caterva,

117 2887 180 2941 Dat
195 2901 257 2940 sese
270 2881 366 2956 durio,
381 2890 464 2957 atque
479 2882 588 2939 hastam
602 2898 666 2938 cum
671 2881 788 2972 'virgine
802 2881 893 2939 victor

64 3015 72 3022 .
118 2961 287 3035 Gramineo,
302 2960 407 3016 donum
422 2959 536 3034 Triviae,
552 2961 587 3016 de
602 2959 707 3034 cespite
720 2960 807 3017 vellit.

118 3043 191 3100 Non
205 3039 286 3096 illum
300 3037 383 3100 tectis
396 3038 472 3113 ullae,
487 3057 542 3095 non
558 3037 707 3110 moenibus,
721 3037 805 3096 urbes

118 3115 289 3195 leeepere3
311 3135 403 3192 neque
418 3117 478 3192 ipse
494 3135 592 3174 manus
606 3115 715 3173 scritate
729 3117 872 3190 dedisset:

119 3201 192 3256 l’t
148 3218 179 3256 ss
181 3207 271 3255 torum
286 3205 314 3254 et
302 3196 393 3254 tsolis
407 3196 503 3288 exegit
491 3193 657 3254 tmontibus
671 3213 772 3251 aevum.

121 3276 182 3334 1110
197 3284 299 3350 natam,
315 3277 343 3332 ιιι
359 3275 471 3333 dumis'
463 3283 591 3349 interque
605 3273 748 3331 horrentia
760 3275 858 3352 lustra,

119 3356 294 3414 ,armentalis
308 3373 388 3431 equae
403 3354 532 3411 mammis
546 3361 574 3412 et
586 3351 659 3410 lacte
673 3352 762 3410 lerino

121 3435 152 3492 N
157 3444 186 3490 ut
176 3434 292 3492 tribt
230 3443 292 3507 ιιι
293 3433 384 3491 eneris
390 3432 568 3525 immulgens
582 3431 670 3488 ubera
683 3431 776 3490 labris.

125 3514 221 3588 litque
236 3514 340 3588 pedum
355 3513 452 3588 primis
467 3512 557 3570 infans
570 3511 689 3586 vestigia
701 3510 802 3587 plantis

123 3591 208 3647 lustit
197 3598 267 3647 terat
268 3591 382 3666 ,jaculo
396 3591 502 3666 palmas
517 3589 643 3648 oneravit
656 3598 755 3652 acuto:

125 3633 298 3745 rieuleqlre
313 3687 349 3725 ex
362 3669 480 3726 humero
493 3687 586 3744 parvae
601 3668 749 3760 suspendit
763 3677 792 3727 et
806 3687 910 3728 areum.

123 3735 181 3804 Pio
195 3745 293 3804 crinali
307 3765 383 3820 auro,
397 3767 447 3822 pro
461 3747 553 3821 longus
568 3747 692 3821 tegmine
705 3747 797 3822 palla,

125 3825 250 3900 Tigridis
264 3825 376 3880 exuriae
390 3843 440 3899 per
453 3825 567 3881 dorsum
581 3844 597 3881 a
610 3825 714 3882 tertice
728 3828 861 3900 pendent.

126 3901 199 3960 Tela
211 3921 296 3960 manu
308 3903 441 3979 jamtum
456 3904 553 3960 teneri
565 3901 683 3978 puerilia
695 3903 783 3978 torsit,

127 3979 168 4040 Et
180 3981 296 4040 lundam
310 3979 392 4038 tereti
407 3981 512 4036 circum
527 3989 612 4056 eaput
625 3981 683 4054 egit
697 3981 817 4055 habent,
892 3997 893 4004 ¹

128 4061 374 4194 Strymonia2mqlre
388 4077 484 4134 gruem
501 4068 547 4116 aut
560 4059 654 4116 album
669 4059 773 4126 deiecit
783 4060 899 4117 olorem.

295 4144 313 4195 4
