2712 4488
506 518 628 574 'LIBER
647 520 695 574 Xl.

47 673 49 678 '
107 663 296 726 Constitudre
309 687 411 744 pyras,
432 667 489 726 huc
504 687 621 744 corpora
635 669 753 746 quisque
767 688 882 728 suorum

105 742 196 802 More
210 744 302 804 tuldre
315 755 445 824 patrum3
466 747 657 824 subjectisque
671 747 783 823 ignibus
796 749 862 808 atris

108 821 256 882 Conditur
268 825 297 882 in
312 825 443 884 tenebras
457 826 545 884 altum
559 825 682 900 caligine
695 826 808 884 coelum.

106 900 171 958 Ter
184 902 291 961 circum
306 923 449 980 accensos,
464 904 551 964 cincti
563 903 740 980 fulgentibus
753 905 846 981 armiq

107 979 276 1039 Decurrdre
290 1002 391 1059 rogos-3
412 991 455 1042 ter
468 993 601 1042 maestum
614 983 720 1042 funeris
733 984 829 1059 ignem

106 1058 283 1117 Lustravdre
297 1062 326 1118 in
342 1062 432 1138 equis,
447 1063 627 1137 ululatusque
641 1081 690 1120 ore
704 1059 817 1130 dedere.

108 1137 262 1214 Spargitur
275 1147 303 1196 et
316 1140 399 1197 tellus
411 1139 552 1216 lacrymis,
568 1149 737 1216 sparguntur
749 1148 779 1199 et
792 1159 886 1200 arma:

108 1216 136 1274 It
150 1217 227 1275 coelc
241 1217 401 1294 clamorque
415 1217 516 1292 vir-tm,
531 1219 703 1293 clangorque
717 1219 856 1278 tubarum.

106 1295 190 1353 Hinc
206 1292 253 1352 alii
267 1295 357 1373 spolia
371 1297 472 1355 occisis
487 1298 602 1372 derepta
614 1298 723 1355 Latinis
832 1295 864 1346 Ὺ

107 1373 279 1453 Conjiciunt
291 1375 361 1452 igni,
375 1375 480 1451 galeas,
495 1393 634 1451 ensesque
648 1376 774 1450 decoros,
868 1429 870 1432 .

106 1453 282 1530 Frenaque,
296 1453 494 1529 ferventesque
508 1461 599 1526 rotas3
619 1472 684 1529 pars
697 1473 815 1512 munera
827 1461 902 1530 nota,

107 1530 244 1606 Ipsorum
259 1532 385 1608 clypeos,
400 1540 429 1590 et
441 1551 499 1588 non
513 1531 609 1593 felicia
621 1531 685 1588 tela.
728 1603 729 1606 Ἴ

106 1610 208 1668 Multa
221 1608 307 1667 boum
322 1607 396 1668 circd
410 1618 566 1676 mactantur
575 1629 695 1686 ¹corpora
708 1610 809 1684 morti3

109 1687 315 1765 Setigerosque
329 1707 407 1763 sues,
417 1698 566 1766 raptasque
580 1707 618 1746 ex
631 1687 763 1746 omnibus
777 1687 850 1765 agris
908 1693 909 1698 ’

108 1767 145 1825 In
159 1766 307 1824 flammam
315 1766 448 1847 jugulant
460 1769 586 1846 pecudes
599 1787 606 1824 :
629 1776 689 1826 tum
702 1766 794 1826 littore
809 1774 867 1826 toto

107 1846 255 1905 Ardentes
269 1853 398 1923 spectant
412 1847 514 1921 socios,
529 1848 721 1922 semiustaque
736 1853 849 1906 servant

59 1951 64 1965 ι
108 1927 221 1996 Busta,
242 1943 336 2002 neque
350 1925 434 1983 avelli
447 1935 575 2002 possunt,
590 1945 649 1984 nox
662 1925 780 1984 humida
793 1926 884 1983 donec

109 2004 233 2062 Invertit
246 2006 351 2062 coelnm
364 2004 452 2066 stellis
466 2003 639 2078 fulgentibus
654 2013 761 2081 aptum.
814 2041 816 2045 ,
865 2031 867 2036 ·

148 2083 181 2140 N
183 2101 216 2140 cc
231 2080 325 2154 minuis
339 2091 368 2141 et
381 2083 477 2140 miseri
491 2084 602 2142 diversi
616 2083 645 2140 in
659 2092 738 2158 parte
753 2079 848 2140 Latini

109 2161 280 2219 Innumeras
294 2159 421 2220 struxdre
435 2181 529 2239 pyras,
544 2171 573 2220 et
586 2181 703 2238 corpora
716 2160 817 2239 partim

109 2240 207 2298 Multa
219 2239 312 2298 virum
326 2249 406 2299 terrae
420 2241 570 2315 infodiunt,
586 2249 739 2317 avectaque
752 2239 854 2316 partim

109 2318 266 2378 Finitimos
280 2319 383 2378 tollunt
394 2320 423 2378 in
438 2340 528 2397 agros,
542 2321 661 2397 urbique
675 2320 829 2378 remittunt

109 2398 234 2472 Uetera,
249 2399 431 2475 confusaeque
444 2400 590 2476 ingentem
603 2398 691 2458 caedis
706 2417 848 2473 acervum,

109 2477 177 2535 Nec
191 2494 308 2535 numero
322 2497 376 2536 nec
389 2479 497 2538 honore
511 2487 646 2538 cremant.
687 2478 771 2536 Tunc
785 2477 910 2552 undique
923 2475 995 2535 vasti

109 2556 249 2614 Certatim
264 2556 368 2614 crebris
382 2557 524 2616 collucent
536 2558 649 2634 ignibus
664 2558 730 2634 agri.

110 2634 210 2692 Tertia
223 2633 273 2692 lux
286 2635 409 2710 gelidam
423 2636 494 2696 coelo
509 2638 665 2695 dimoverat
678 2635 815 2711 umbram,
930 2667 942 2705 s
1023 2637 1080 2692 210

110 2713 269 2772 Moerentes
283 2713 369 2772 altum
384 2715 507 2774 cinerem
522 2723 551 2773 et
563 2715 680 2773 confusa
692 2715 811 2794 ruebant
830 2744 854 2782 c:
895 2760 900 2774 ,
920 2760 924 2788 z
939 2742 958 2764 ·‹
974 2754 978 2762 ι
1023 2747 1027 2756 =

112 2793 186 2850 Ossa
198 2791 279 2864 focis,
295 2791 447 2867 tepidoque
461 2793 615 2868 onerabant
628 2791 730 2868 aggere
743 2801 832 2850 terrae.

150 2869 168 2927 J
170 2888 215 2926 am
229 2866 297 2926 verb
311 2869 341 2926 in
354 2871 437 2928 tectis
470 2871 604 2928 redivitis
617 2869 686 2928 urbe
701 2869 795 2928 Latini

111 2949 279 3024 Praecipuns
292 2946 392 3022 fragor,
408 2956 437 3006 et
448 2890 526 3021 ibngi
539 2968 604 3025 pars
618 2946 741 3005 maxims
753 2947 846 3020 lustris
859 2967 865 3003 :

113 3026 172 3084 Hic
187 3034 288 3086 matres
302 3027 469 3102 misereque
482 3045 579 3100 nurus,
594 3025 641 3084 hic
655 3044 720 3082 cara
732 3045 858 3084 sororum
1023 3029 1079 3082 215

112 3106 234 3164 Pectora
247 3104 425 3179 moereutdm,
438 3104 574 3182 puerique
587 3103 750 3182 parentibus
764 3103 833 3178 orbi,
863 3163 865 3168 ,

113 3185 218 3241 Dirum
232 3191 414 3242 exsecrantur
427 3183 544 3258 bellum,
559 3183 706 3259 Turnique
720 3183 903 3258 hymenaeos,

114 3263 213 3338 Ipsum
226 3263 318 3336 armis,
332 3261 483 3340 ipsumque
493 3249 597 3341 jubent
605 3263 761 3344 ,decernere
775 3261 889 3340 ferrans,
904 3293 929 3324 ,a
957 3300 960 3311 «

115 3341 174 3412 Qui
187 3360 305 3417 regnum
318 3340 408 3400 Italiae
423 3350 452 3400 et
464 3343 568 3419 primos
582 3340 636 3400 sibi
648 3349 747 3418 poscat
759 3339 890 3398 bonores.

118 3420 248 3496 ingravat
261 3419 323 3478 haec
337 3439 429 3480 sevus
443 3421 580 3495 Drances,
595 3420 744 3496 solumque
756 3418 852 3478 vocari
1022 3422 1078 3476 220

15 3527 18 3534 ’
115 3499 255 3572 Testatur,
270 3498 361 3557 solum
374 3500 455 3576 posci
468 3499 497 3556 in
511 3499 666 3557 certamina
679 3499 818 3558 Turnum
853 3533 857 3541 -
885 3543 889 3551 ,

116 3577 209 3637 Multa
222 3577 305 3634 simul
320 3575 417 3637 contri
429 3578 513 3636 variis
527 3579 667 3636 sententia
681 3576 762 3640 dictis¹

115 3655 172 3713 Pro
185 3657 295 3731 Turno,
309 3664 339 3714 et
351 3675 484 3732 magnum
499 3656 604 3732 reginae
618 3672 722 3714 nomen
736 3655 904 3714 obumbrat:

6 3737 7 3740 ’
117 3734 210 3792 Multa
222 3733 314 3790 virum
328 3735 434 3794 meritis
448 3741 587 3792 sustentat
599 3734 674 3791 fama
686 3734 807 3810 tropaeis.

156 3813 218 3870 Hos
231 3811 305 3869 inter
318 3821 420 3887 motus,
435 3813 529 3870 medio
542 3813 571 3870 iu
585 3811 719 3887 flagrante
733 3811 866 3886 tumultu,
881 3808 896 3876 <s
1022 3813 1092 3867 225*

116 3892 195 3951 Ecce
209 3887 295 3967 super
308 3891 400 3948 moesti
414 3889 517 3966 magna
529 3890 678 3948 Diomedis
692 3890 726 3948 ab
740 3890 809 3948 urbe
872 3902 876 3912 “

117 3969 217 4045 Legati
230 3987 364 4044 responsa
377 3967 487 4027 ferunt:
508 3968 580 4026 nihil
593 3967 724 4025 omnibus
738 3977 832 4026 actum

117 4049 225 4108 Tantor
234 4066 273 4104 rm
287 4047 421 4159 imgensis
435 4047 573 4128 operum,
594 4046 633 4103 nil
648 4046 731 4121 dona,
746 4064 839 4123 neque
854 4061 963 4120 aurum,

273 4131 310 4183 23
527 4134 529 4140 ’
