2712 4488
521 352 633 407 LIBER
652 354 714 408 Vll.

146 500 277 559 Examen
292 500 416 558 subitum
430 520 506 558 ramo
520 501 667 561 frondente
679 504 824 581 pependit

146 577 291 636 Continuo
306 589 397 654 rates,
411 580 571 637 Externum
585 583 735 657 cernimus,
750 583 849 660 inquil,

144 658 307 716 Adventare
320 658 422 734 virum,
437 667 465 716 ct
477 667 570 734 partes
583 670 679 736 petere
692 681 793 737 agmen
808 662 922 720 easdem

145 735 275 793 Partibus
289 754 325 793 ex
339 735 439 810 isdem,
454 745 482 794 et
495 739 605 794 summi
618 739 788 800 dominarier
801 759 874 798 arce.

145 813 295 888 Praetercn,
309 817 392 873 castis
406 816 500 873 adolet
512 816 579 873 dnm
594 817 689 876 altaria
702 819 792 894 taedis,
838 849 839 854 κ

145 891 187 951 Ut
195 894 279 970 juxta
292 894 449 968 genitorem
465 895 555 951 adstat
568 895 687 952 Lavinia
699 898 787 972 virgo,

145 970 216 1028 Visa
230 971 336 1048 (helas)
352 972 442 1049 longis
456 973 657 1048 comprendere
671 976 795 1033 crinibus
808 977 914 1054 ignem,

145 1051 239 1126 Atque
253 1069 367 1108 omnem
381 1060 509 1109 ornatum
522 1050 637 1108 llammri
651 1054 805 1131 crepitante
819 1056 951 1128 cremari;

145 1128 326 1206 Regalesque
341 1135 459 1187 accensa
471 1148 576 1202 comas,
591 1149 711 1188 accensa
724 1151 856 1192 coronam

145 1206 289 1282 Insignem
303 1209 440 1283 gemmis;
462 1220 521 1266 tum
535 1206 642 1265 fumida
654 1208 763 1267 lumine
777 1211 856 1271 fulvo

146 1283 265 1360 Involvi,
280 1305 313 1344 ac
326 1288 392 1344 totis
406 1287 569 1343 Vulcanum
583 1306 712 1363 spargere
725 1289 817 1347 tectis.

146 1361 179 1421 ld
193 1361 260 1421 verb
274 1365 445 1422 horrendum
459 1382 491 1421 ac
504 1364 567 1421 visu
581 1366 709 1423 mirabile
722 1365 804 1424 ferri:
899 1404 901 1407 -

145 1443 277 1519 Namque
290 1442 349 1500 lore
363 1443 499 1500 illustrem
513 1442 589 1500 samri
602 1443 721 1520 fatisque
736 1445 876 1505 canebant

146 1520 256 1598 Ipsam3
278 1523 328 1579 sed
342 1521 445 1598 populo
456 1541 590 1597 maguum
603 1524 770 1598 portendere
783 1523 899 1582 bellum.

145 1603 184 1658 At
197 1619 256 1675 rex,
271 1601 406 1658 sollicitus
421 1602 559 1676 monstris,
574 1601 686 1659 oracula
698 1603 791 1660 Fauni

145 1680 170 1737 F
172 1680 266 1737 elidici
280 1680 412 1754 genitoris
426 1680 492 1754 adit,
507 1680 644 1756 lucosque
658 1681 710 1738 sub
725 1681 781 1739 altri
896 1751 897 1754 Ἰ

145 1758 277 1816 Consulit
289 1758 430 1834 Albuneri,
445 1779 591 1816 nemorum
606 1779 670 1835 quae
684 1761 809 1818 maxima
821 1777 900 1819 sacro

144 1837 237 1894 Fonte
250 1847 339 1912 sonat,
354 1857 512 1914 saevamque
527 1838 641 1896 exhalat
654 1858 743 1916 opaca
755 1839 911 1917 mephitim.

146 1915 223 1973 Hinc
238 1915 316 1972 Italae
331 1927 437 1992 gentes,
452 1917 600 1993 omnisque
616 1917 748 1976 OEuotria
761 1918 854 1994 tellus,

145 1991 178 2051 ln
193 1994 286 2051 dubiis
300 2012 433 2072 respousa
445 2003 552 2072 petunt
594 1996 662 2052 Huc
676 1997 750 2053 dona
763 1998 893 2057 sacerdos
935 2056 936 2059 ,

145 2073 243 2144 Quum
257 2073 329 2148 tulit,
345 2083 373 2132 et
386 2093 522 2131 eaesamm
534 2075 630 2132 ovium
644 2075 696 2132 sub
710 2084 793 2134 nocte
807 2075 918 2196 sileqqi,
927 2077 950 2152 [ἦ
1010 2137 1012 2139 ,
1113 2076 1115 2079 ’

144 2151 271 2209 Pellibus
285 2152 414 2211 incubuit
427 2153 527 2227 stratis,
543 2172 712 2229 somnosque
727 2155 834 2230 petivit,
933 2158 946 2187 ‘⁴

144 2230 239 2289 Multa
252 2232 343 2289 modis
357 2233 504 2295 simulacra
514 2232 594 2292 ¹videt
607 2232 753 2291 volitantia
766 2234 852 2308 miris,

144 2309 184 2367 Et
197 2311 287 2368 varias
301 2311 380 2369 audit
394 2331 486 2386 voceS,
501 2311 656 2387 fruiturque
670 2313 788 2369 deorum

144 2388 302 2464 Colloqnio,
318 2397 401 2466 atque
415 2391 479 2448 imis
493 2391 655 2448 Acheronta
668 2390 769 2449 affatur
781 2391 910 2450 Avemis.

144 2466 202 2525 Hic
216 2477 244 2524 et
257 2477 318 2525 tum
332 2480 412 2545 pater
425 2470 485 2545 ipse
500 2478 599 2545 petens
612 2488 747 2545 responsa
760 2471 877 2529 Latinus

144 2545 267 2603 Centum
281 2546 418 2621 lanigeras
432 2548 571 2605 mactabat
584 2544 635 2605 rite
650 2547 790 2622 bidentes,

122 2649 124 2657 =
143 2624 237 2698 Atque
247 2624 351 2680 harum
365 2624 479 2681 effultus
492 2633 571 2697 tergo
584 2625 732 2702 stratisque
741 2625 855 2702 jacebat

10 2712 11 2715 ’
143 2700 314 2758 Velleribus.
357 2694 456 2759 Subita
468 2719 506 2757 ex
519 2702 574 2758 alto
587 2707 645 2758 vox'
659 2702 768 2760 reddita
780 2703 844 2760 luco
858 2712 917 2762 est.

143 2779 190 2837 Ne
205 2788 269 2856 pete
279 2779 428 2836 connubiis
442 2786 535 2835 natam
549 2780 655 2837 sociare
669 2781 787 2854 Latinis,

144 2858 169 2917 O
186 2878 248 2915 mea
260 2858 419 2934 progenies,
433 2857 564 2915 thalamis
578 2875 633 2913 neu
648 2858 731 2914 crede
744 2858 864 2934 paratis:

71 2943 79 2968 '
144 2937 264 2995 Extemi
278 2937 395 3002 veniunt
408 2936 513 3010 generi,
527 2935 576 3011 qui
589 2935 726 3009 sanguine
739 2945 866 2994 nostrum

143 3016 258 3074 Nomen
273 3015 301 3072 in
317 3025 389 3074 astra
401 3015 500 3089 lerant,
515 3032 690 3090 quorumque
704 3014 739 3071 ab
753 3016 838 3091 stirpe
851 3024 970 3094 nepotes

144 3095 248 3154 Omnia
260 3095 312 3152 snb
327 3094 456 3172 pedibus,
470 3094 526 3170 quri
540 3094 581 3151 sol
595 3102 745 3170 utrumque
760 3112 906 3165 recurrens
952 3125 954 3129 r
1050 3101 1105 3154 100

143 3175 273 3251 Adspicit
286 3193 434 3247 oceanum,
448 3173 576 3249 vertique
590 3173 705 3249 regique
718 3172 863 3232 videbunt.

76 3306 82 3318 ,
144 3253 217 3311 Haec
232 3273 365 3330 responsa
377 3251 463 3329 patris
477 3252 581 3326 Fauni,
595 3253 772 3328 monitusque
787 3252 881 3312 silenti

143 3331 238 3389 Nocte
252 3333 340 3404 datos,
352 3351 408 3389 nou
423 3331 484 3406 ipse
499 3350 549 3388 suo
562 3331 663 3408 premit
676 3351 724 3388 ore
738 3331 873 3406 Latinus3

145 3410 200 3467 Sed
216 3408 321 3467 cirerim
336 3406 390 3468 late
405 3410 525 3468 volitans
535 3412 595 3488 jam
609 3410 683 3467 lama
695 3429 746 3486 per
758 3407 843 3467 urbes

142 3488 283 3545 Ausonias
297 3488 405 3561 tulerat,
420 3508 508 3564 quum
523 3487 875 3565 Laomedontiapubes,
952 3528 953 3531 η
1051 3493 1104 3546 105

144 3567 297 3625 Gramineo
306 3566 379 3642 ripae
393 3567 521 3643 religavit
535 3565 569 3623 ab
584 3585 683 3643 aggere
698 3567 825 3624 classem.
875 3587 877 3591 ¹

183 3646 301 3719 AEneus,
315 3645 453 3721 primique
468 3646 563 3717 duces,
579 3652 607 3701 et
620 3645 740 3720 pulcher
753 3644 841 3721 Iiilus,

144 3725 270 3801 Corpora
283 3723 334 3781 sub
349 3723 432 3780 ramis
446 3724 592 3799 deponunt
605 3723 709 3780 arboris
724 3722 796 3797 altae,

144 3803 353 3879 Instituuntque
369 3801 464 3876 dapes,
479 3811 507 3858 et
520 3802 621 3858 adorea
634 3800 691 3858 liba
703 3820 756 3877 per
768 3801 884 3859 herbam

144 3882 304 3960 Snbjiciunt
318 3879 409 3957 epulis
425 3879 480 3953 (sic
493 3879 604 3956 Jupiter
616 3879 664 3936 ille
678 3879 838 3957 monebat),
1050 3885 1104 3938 110

142 3960 183 4018 Et
196 3961 304 4019 cereale
318 3959 409 4019 solum
422 3959 515 4035 pomis
529 3958 682 4035 agrestibus
697 3966 808 4032 augent
