2712 4488
182 519 236 575 256
575 518 756 576 AENEIDOS

183 669 249 730 Hoc
262 669 348 747 patris
361 669 497 729 Anchisae
512 689 620 745 manes,
633 669 689 728 boc
703 671 788 730 sentit
801 669 890 758 qulus.

184 748 232 806 Sic
245 749 327 824 latus,
342 750 452 826 galeam
465 749 539 807 laevd
552 756 640 823 tenet,
655 756 739 824 atque
752 749 860 808 reflexit

182 826 303 885 Cervice
317 829 421 886 orantis
434 828 537 906 capulo
550 836 633 886 tenus
647 827 771 904 applicat
784 847 890 886 ensem.

181 904 248 964 Nec
260 907 360 983 procul
374 907 571 981 Haemonides,
586 905 690 963 Pboebi
703 905 866 985 Triviaeque
880 907 1020 982 sacerdos,

183 983 278 1042 Insula
290 985 338 1042 cui
352 986 431 1042 sacri
443 985 594 1042 redimibat
607 993 734 1060 tempora
746 985 826 1061 vitat,

182 1063 272 1121 Totus
286 1062 431 1122 collucens
443 1071 524 1121 veste
540 1071 625 1139 atque
638 1063 797 1138 insignibus
811 1064 913 1138 armis3

182 1140 278 1212 Quem
292 1160 459 1217 congressus
473 1142 531 1218 agit
544 1160 655 1218 campo,
672 1139 838 1218 lapsumque
852 1152 1013 1219 superstans

182 1218 322 1295 Immolet,
336 1219 502 1297 ingentique
515 1220 616 1278 umbri
630 1220 717 1296 tegit:
740 1239 817 1278 arma
831 1220 962 1280 Serestus

181 1300 270 1356 Lecta
282 1298 367 1356 refert
379 1298 514 1374 humeris,
529 1298 589 1374 tibi,
604 1317 654 1356 rex
670 1299 803 1376 Gradive,
817 1308 965 1378 tropseum.

182 1377 342 1434 Instaurant
355 1377 440 1452 acies,
454 1377 580 1435 Vulcani
594 1376 680 1455 stirpe
693 1387 804 1437 creatus

181 1455 322 1530 Caeculus,
338 1464 367 1513 et
378 1456 498 1514 veniens
512 1455 672 1528 Marsorum
686 1457 831 1516 montibus
845 1456 964 1517 Umbro.

181 1534 360 1592 Dardanides
374 1532 470 1592 contrd
484 1535 558 1594 furit
598 1536 724 1594 Anxuris
738 1555 807 1594 ense
821 1537 972 1612 sinistram,

181 1612 221 1670 Et
234 1620 323 1671 totum
338 1612 431 1690 clypei
444 1614 517 1671 lerro
531 1615 673 1691 dejecerat
686 1615 793 1672 orbem.

179 1691 301 1750 Dixerat
313 1691 362 1748 ille
376 1692 481 1768 aliquid
496 1711 639 1768 magnum,
654 1693 770 1769 vimque
784 1693 870 1752 affore
883 1693 970 1752 verbo

181 1770 356 1845 Crediderat,
370 1771 500 1847 coeloque
515 1771 640 1828 animum
653 1771 771 1830 tortasse
784 1772 901 1847 ferebat,

180 1848 379 1925 canitiemque
394 1849 448 1906 sibi
462 1857 491 1907 et
504 1848 603 1925 longos
617 1851 784 1925 promiserat
797 1869 894 1909 annos.

180 1927 333 2002 Tarquitus
347 1926 491 1986 exsultans
505 1924 603 1985 canna
615 1925 788 2004 fulgentibus
802 1930 895 2006 armis,

182 2005 324 2065 Silvicolae
338 2006 439 2065 Fauno
452 2008 570 2084 Dryope
584 2025 669 2082 quem
683 2007 820 2085 Nympha
833 2009 950 2084 crebrat,

181 2083 292 2144 Obvius
306 2086 416 2145 ardenti
428 2105 491 2144 scse
506 2085 628 2144 obtulit:
649 2085 698 2144 ille
712 2087 828 2145 reducti

179 2163 311 2222 Loricam
325 2164 474 2242 clypeique
488 2165 591 2240 ingens
604 2185 677 2223 onus
691 2165 810 2243 impedit
823 2166 913 2225 hasti.

180 2241 256 2300 Tum
270 2251 355 2320 caput
368 2245 472 2302 orantis
486 2245 689 2320 nequidquam,
704 2254 733 2303 et
746 2246 836 2304 multa
848 2245 972 2323 parantis

180 2321 295 2397 Dicere,
310 2322 440 2380 deturbat
453 2331 553 2396 terrae3
576 2330 766 2399 truncumque
779 2332 926 2400 tepentem

179 2397 364 2474 Provolvens,
380 2419 466 2476 super
478 2401 542 2458 baec
556 2400 672 2470 inimico
686 2410 801 2477 pectore
815 2403 907 2460 latur:
986 2429 991 2456 ι
1093 2462 1095 2466 1

180 2474 249 2534 Istic
264 2497 349 2553 nunc,
364 2480 528 2555 metuende,
538 2481 624 2557 jace:
645 2496 704 2536 non
718 2487 747 2538 te
762 2480 869 2556 optima
882 2480 973 2538 meter

180 2555 294 2618 Condet
305 2557 397 2632 humi,
412 2557 540 2635 patriove
555 2556 683 2615 onerabit
697 2558 824 2614 membra
837 2559 984 2635 sepulcro:

178 2637 305 2698 alitibus
318 2635 449 2713 linquere
463 2635 529 2693 seris
541 2656 548 2708 ;
571 2644 619 2694 aut
632 2635 742 2712 gurgite
756 2653 879 2693 mersum

179 2718 267 2777 Unda
280 2716 360 2791 feret,
374 2716 525 2794 piscesque
540 2715 653 2792 impasti
666 2714 784 2772 vulnera
797 2713 932 2772 lambent.
1090 2719 1147 2772 560

178 2797 320 2868 Proterrus
334 2799 466 2854 Antaeum
482 2804 511 2852 et
524 2795 641 2869 Lucam,
655 2794 872 2871 prima-agmina
885 2793 985 2867 Turni,

180 2877 375 2953 Persequitur,
389 2875 548 2951 sortemque
562 2873 700 2949 Numam,
714 2873 881 2951 fulvumque
895 2873 1067 2948 Camertem,
1160 2867 1166 2874 ’

179 2956 365 3032 Magnanimo
380 2954 538 3013 Volscente
553 2962 654 3027 satum,
670 2953 823 3011 ditissimus
838 2954 896 3030 agri
1014 2967 1020 2972 ·

181 3035 241 3105 Qui
254 3033 310 3093 suit
322 3033 513 3108 Ausonidum,
528 3041 557 3091 et
570 3033 663 3091 tacitis
678 3033 808 3106 regnevit
821 3031 958 3109 Amyclis.

179 3115 302 3190 AEgaeon
317 3113 418 3190 qualis,
433 3121 548 3171 centurn
562 3113 610 3186 cui
624 3111 739 3168 brachia
752 3111 850 3169 dicunt
1091 3115 1147 3167 565

180 3193 381 3269 Centenssque
394 3211 504 3265 manus,
519 3191 724 3267 quinquaginta
737 3189 831 3247 oribus
844 3189 941 3264 ignem

180 3269 402 3344 Pectoribusque
417 3271 527 3343 arsisse,
540 3269 619 3325 Jovis
634 3267 856 3341 quum'fulmins
870 3273 968 3324 contro

180 3348 238 3405 Tot
250 3348 365 3423 paribus
380 3349 517 3422 streperet
530 3347 646 3422 clypeiS,
661 3353 702 3402 tot
716 3347 865 3420 stringeret
879 3362 980 3402 enses:

182 3426 229 3483 Sic
243 3433 301 3482 toto
315 3425 425 3482 AEuens
439 3425 558 3482 desaevit
571 3425 727 3498 inaequore
742 3423 841 3497 victor,

180 3502 323 3563 Utaemel
338 3504 459 3580 intepuit
472 3522 579 3560 mucro.
622 3501 700 3571 Quin
715 3515 781 3558 ecce
796 3499 915 3577 Niphaei

182 3583 372 3660 Quadrijuges
386 3582 414 3639 in
430 3601 516 3658 equos
531 3581 703 3657 adversaque
716 3587 830 3656 pectora
843 3579 952 3638 tendit:

180 3664 276 3739 Atque
290 3662 331 3720 illi
344 3657 428 3736 longe
443 3661 617 3735 gradientem
633 3667 661 3717 et
674 3660 734 3717 dira
746 3659 914 3725 frementem

185 3742 223 3801 dt
236 3739 343 3815 vidire,
358 3747 435 3798 metu
448 3739 531 3813 versi,
546 3747 675 3815 retroque
689 3745 812 3812 ruentes,

181 3819 397 3896 Effunduntque
412 3819 523 3891 ducem,
538 3818 707 3894 rapiuntque
722 3818 755 3874 ad
769 3817 862 3874 littora
875 3833 980 3874 currus.

186 3902 189 3909 ’
219 3897 332 3956 lntcrea
345 3898 449 3974 bijugis
463 3896 548 3960 insert
561 3909 591 3952 se
605 3897 737 3968 Lucagus
752 3893 822 3952 albis

183 3976 215 4033 ln
231 3977 349 4051 medios,
363 3977 504 4050 fraterque
518 3974 621 4048 Liger:
644 3974 693 4030 sed
708 3973 792 4029 frater
804 3972 924 4030 habenis

181 4053 286 4114 Flectit
300 4073 406 4130 equos;
428 4054 554 4112 strictum
569 4059 639 4109 rotat
652 4067 716 4107 acer
730 4051 861 4123 Lucagus
875 4063 981 4104 ensem.
