3128 4456
680 375 682 392 ·
706 349 856 404 ECLOGA
873 350 910 406 11.

327 623 403 686 Ante
417 626 495 686 leves
510 647 576 704 ergo
589 568 900 706 pmenturbbblbbre
914 629 1001 707 cerri,

327 706 367 764 Et
379 705 450 764 sreta
463 706 617 766 destituent
629 707 719 765 nudos
733 707 762 764 in
776 707 867 765 littore
880 707 989 784 pisces5

327 781 413 860 Ante,
427 786 575 863 pererratis
589 784 734 843 amborum
748 785 861 860 finibus,
877 786 956 844 exsul

221 927 223 936 ,
325 864 385 921 Aut
397 863 507 922 Ararim
521 863 642 923 Parthus
655 864 743 939 bibet,
757 873 805 924 aut
819 865 971 922 Germania
984 864 1104 942 Tigrim,

328 939 424 1012 Quem
438 951 532 1001 nostro
543 942 618 1001 illius
631 942 741 1002 labatur
753 952 866 1021 pectore
880 943 983 1002 vultus.
1058 965 1061 972 ·

718 1085 887 1124 usnrnoens.

324 1145 365 1201 At
377 1162 429 1201 nos
442 1143 510 1202 hinc
524 1145 571 1202 alii
585 1145 712 1203 sitientes
725 1145 828 1203 ibimus
842 1145 941 1219 Afros,

233 1224 238 1235 '
326 1222 395 1280 Pars
410 1223 565 1299 Scythiam,
580 1233 609 1283 et
621 1225 748 1300 rapidum
763 1225 856 1282 Creta
871 1225 1020 1283 veniemus
1034 1223 1154 1301 Oaxcm,

325 1301 366 1359 Et
378 1299 491 1377 penitus
505 1309 563 1359 toto
577 1302 681 1364 divisos
695 1303 762 1359 orbe
776 1303 935 1359 Britannos.

292 1370 296 1384 ’
326 1379 383 1454 En,
398 1397 522 1456 unquam
535 1379 639 1455 patrios
652 1379 736 1455 longo
750 1377 814 1455 pbst
828 1391 954 1457 tempore
968 1380 1049 1456 fines,

325 1457 462 1539 Paperis
476 1465 505 1515 et
518 1457 610 1532 tuguri
624 1466 788 1533 congestum
803 1459 909 1534 cespite
923 1458 1045 1534 culmen,

326 1536 396 1594 Post
409 1536 523 1612 aliquot,
538 1555 602 1594 mea
615 1556 701 1612 regna
714 1536 823 1610 videns,
838 1537 958 1595 mirabor
972 1537 1089 1595 aristas?
1131 1543 1136 1554 “

327 1614 434 1691 Impius
448 1614 510 1672 haec
523 1622 581 1673 tam
595 1616 670 1674 culta
683 1614 795 1672 novalia
808 1615 889 1673 miles
901 1615 1038 1674 habebit?
1075 1615 1079 1624 ⁴

327 1693 466 1752 Barbarus
480 1693 530 1750 has
544 1697 674 1768 segetes?
715 1695 772 1768 En,
788 1691 844 1772 qnb
858 1695 998 1752 discordia
1011 1695 1088 1752 cives
1109 1735 1112 1744 -

325 1773 463 1842 Perduxit
475 1773 608 1830 miseros!
649 1773 706 1849 En,
722 1775 801 1850 queis
815 1774 992 1831 consevimus
1007 1775 1104 1849 agros!

326 1851 422 1910 lusere
437 1871 522 1926 nunc,
537 1851 684 1927 Meliboee,
698 1853 790 1928 piros!
811 1871 886 1928 pone
900 1853 997 1910 ordine
1011 1853 1100 1910 vites!

365 1931 408 1989 lte
423 1949 503 2005 meae,
517 1923 591 1988 lelix'
601 1927 741 2009 quondam
754 1949 851 2009 pecnS,
865 1930 914 2006 ite,
929 1931 1062 2007 capellae:

324 2007 355 2068 N
357 2029 393 2067 on
407 2029 460 2085 ego
474 2028 524 2067 vos
538 2009 665 2087 posthac,
679 2009 762 2067 viridi
775 2011 917 2088 projectus
930 2009 959 2066 in
974 2019 1062 2085 antro,

325 2088 452 2146 Dnmosi
466 2089 591 2165 pendere
604 2089 701 2165 procul
715 2089 751 2146 de
765 2095 833 2166 rupe
846 2087 967 2146 videbo:
1073 2121 1076 2128 ·

326 2167 458 2225 Carmina
471 2166 549 2225 nulla
563 2186 678 2225 canam:
700 2187 767 2242 non,
782 2186 827 2224 me
843 2175 987 2244 pascente,
1001 2167 1126 2245 capellae,

325 2246 487 2305 Florentem
501 2246 621 2322 cytisum
635 2255 663 2304 et
676 2246 783 2312 salices.
789 2246 908 2323 carpetis
922 2265 1037 2304 amarus.

354 2408 355 2411 =
732 2392 869 2432 ussurus.

249 2465 252 2474 ’
325 2451 382 2511 Hic
395 2460 490 2510 tamen
504 2452 578 2510 banc
591 2471 703 2511 mecum
716 2461 827 2530 poteras
840 2452 1016 2528 requiescere
1029 2460 1142 2510 noctem

315 2532 438 2590 vFronde
450 2550 536 2608 super
548 2532 646 2589 viridi:
668 2541 733 2590 sunt
745 2532 827 2589 nobis
841 2532 920 2588 mitia
932 2549 1026 2608 poma,

324 2611 473 2669 Castaneae
488 2609 598 2685 molles,
612 2618 641 2668 et
653 2611 742 2687 pressi
755 2611 837 2687 copia
850 2609 947 2667 lactis:

324 2689 364 2747 Et
373 2691 434 2767 jam
449 2707 559 2746 summa
571 2688 668 2765 procul
682 2689 810 2761 villamm
825 2687 950 2745 culmina
962 2687 1080 2762 sumant,

324 2767 505 2846 Majoresqne
519 2767 623 2826 cadunt
637 2766 706 2826 altis·
712 2767 748 2824 de
761 2765 905 2824 montibus
919 2765 1034 2823 umbrae.

703 2929 903 2948 η

703 2951 903 2966 *uu-n·

645 3069 886 3146 ECLOGA
909 3070 970 3144 ΙΙ.

720 3307 866 3354 'sur-:ms
911 3279 913 3282 ’
1010 3353 1014 3360 .

312 3399 492 3472 ¹Formosum
505 3418 600 3488 pastor
613 3409 746 3486 Corydon
761 3407 875 3468 ardebat
887 3408 1002 3482 Alexin,

325 3491 451 3549 Delicias
465 3489 571 3547 domini
582 3507 673 3564 pnec,
688 3489 755 3564 quid
769 3501 900 3566 speraret,
915 3487 1045 3545 habebat

325 3565 448 3630 Tantum
463 3570 536 3628 inter
549 3568 659 3641 densas,
673 3565 804 3624 umbrosa
818 3567 972 3640 cacumina,
987 3567 1064 3642 sagos

325 3644 448 3708 Assidub
461 3646 611 3705 veniebat:
632 3645 671 3703 ibi
685 3645 746 3704 haec
760 3646 903 3703 incondita
916 3645 992 3702 solus

325 3725 473 3788 Montibus
487 3734 516 3783 et
529 3725 606 3782 silvis
620 3725 711 3782 studio
721 3724 845 3802 jactabat
858 3724 955 3780 inani:

234 3807 235 3811 ’
364 3807 390 3866 0
404 3805 525 3864 crudelis
538 3803 633 3878 Alexi,
647 3803 718 3861 nihil
733 3822 795 3860 mea
808 3803 931 3860 carmina
944 3819 1043 3872 curas3

325 3885 377 3946 Nil
390 3884 477 3946 nostri
490 3883 622 3942 miserere
633 3903 641 3956 ;
662 3881 733 3940 mori
746 3901 791 3940 me
805 3881 927 3958 denique
940 3880 1043 3957 coges!
