3128 4456
686 417 799 472 LIBER
818 417 840 472 1.

276 565 363 626 Tunc
376 567 469 626 somni
482 566 591 644 dulces,
606 568 761 645 deusaeque
774 569 804 626 in
818 568 963 628 montibus
977 571 1094 630 umbre.

276 645 391 706 Cuncta
402 646 455 705 tibi
469 647 606 712 Cererem
618 647 710 724 pubes
724 648 841 724 agrestis
856 649 972 723 adoret;

276 724 334 783 Cui
346 732 378 783 tu
391 724 464 785 lacte
476 726 556 784 favos
570 733 599 784 et
611 726 674 784 miti
687 727 764 786 dilue
779 726 914 801 Baccb03

275 803 392 882 Terque
405 823 494 864 novas
507 805 615 864 circum
628 805 699 865 felix
712 814 759 864 eat
771 806 866 864 hostia
877 806 981 884 fruges,
1189 815 1247 872 345

276 881 380 942 Omnis
393 903 478 961 quam
491 885 595 943 chorus
608 892 638 943 et
650 885 721 943 socii
734 886 904 944 comitentur
917 894 1044 963 ovantes,

275 960 317 1020 Et
329 963 465 1023 Cererem
480 963 603 1022 clamore
616 971 721 1023 vocent
734 965 764 1022 in
778 971 874 1023 tecta:
896 983 990 1042 neque
1004 962 1069 1026 ante

274 1040 393 1100 Falcem
407 1042 524 1102 maturis
537 1044 685 1120 quisquam
700 1051 841 1121 supponat
854 1043 954 1122 aristis,

274 1117 372 1192 Quam
386 1121 494 1198 Cereri,
509 1122 581 1181 torta
594 1123 741 1182 redimitus
755 1130 884 1199 ternpore
896 1142 1012 1201 quercu,

274 1199 334 1259 Det
346 1209 440 1260 motus
452 1202 665 1279 incompositos,
680 1209 709 1262 et
721 1202 848 1259 carmina
860 1202 944 1260 dicat.
1187 1207 1246 1262 aec

312 1280 408 1357 Atque
422 1279 485 1338 baec
498 1290 531 1339 ut
543 1281 627 1338 certis
640 1280 782 1357 possimus
796 1281 908 1338 discere
922 1282 1020 1357 signis,

273 1357 430 1435 AEstnsque
443 1358 611 1435 pluviasque
625 1367 654 1416 et
667 1367 784 1433 agentes
797 1357 901 1433 frigora
912 1368 1023 1435 ventos,

274 1435 340 1512 lpse
354 1437 440 1495 Pater
453 1437 549 1494 statuit
563 1436 631 1512 quid
644 1444 789 1494 menstrua
801 1436 869 1494 luna
883 1447 1021 1513 moneret,

274 1513 340 1585 Quo
354 1515 436 1591 signo
450 1515 585 1573 caderent
598 1515 693 1590 austri,
708 1515 777 1592 quid
790 1511 866 1592 saepe
880 1515 1011 1575 videntes

272 1593 413 1668 Agricola
427 1590 545 1672 propitia
558 1593 676 1652 stabulis
690 1602 817 1652 armenta
829 1602 967 1654 tenerent
1186 1600 1244 1654 att

310 1668 466 1747 Continui,
479 1672 573 1731 ventis
586 1672 775 1748 surgentibus,
789 1681 838 1732 aut
850 1673 921 1732 freta
932 1674 1013 1752 ponti

273 1749 418 1828 incipiunt
431 1753 534 1828 agitata
547 1760 716 1828 tumescere,
731 1762 760 1811 et
774 1753 868 1811 aridus
882 1753 945 1812 altis

271 1829 421 1890 Montibus
435 1831 525 1890 audiri
533 1830 640 1907 dragor,
655 1839 703 1888 aut
715 1833 876 1890 resonantia
888 1830 973 1908 longe

272 1909 380 1969 Littora
392 1910 515 1986 misceri,
530 1918 559 1968 et
572 1929 720 1969 nemorum
734 1910 944 1970 increbrescere
958 1929 1091 1970 murmur.

270 1989 334 2046 Jam
348 1990 403 2049 sibi
416 1998 476 2048 tum
491 1989 584 2048 curvis
598 1986 671 2046 male
686 1996 826 2067 temperat
840 1990 915 2047 unda
928 1989 1041 2065 omnis,
1185 1993 1241 2048 360
1265 2027 1271 2037 ,

272 2067 369 2139 Quum
384 2069 478 2127 medio
492 2069 601 2128 celeres
614 2068 743 2127 revolant
755 2087 792 2126 err
806 2087 924 2146 aequore¹
933 2087 995 2126 mer
1015 2069 1158 2144 ’,ωηω
1176 2085 1199 2124 [ι
1214 2093 1238 2120 ιι
1254 2112 1259 2128 ,
1277 2065 1290 2091 ““

271 2147 489 2226 clamoremque
503 2148 597 2207 ferunt
610 2149 646 2206 ad
658 2147 770 2220 littora;
792 2167 935 2224 quumque
949 2147 1066 2206 marium

272 2225 305 2284 ln
320 2229 397 2286 sicco
410 2226 513 2286 ludunt
525 2227 638 2303 suham
659 2235 798 2304 notasque
811 2227 930 2303 paludes
950 2245 995 2302 dg
1009 2247 1047 2290 sa,

271 2306 387 2367 Deserit
399 2315 484 2384 atquc
498 2307 582 2366 altam
597 2325 682 2383 supra
694 2305 772 2365 volat
785 2306 870 2387 ardea
881 2306 996 2364 nubem.
1018 2341 1033 2379 ,ᾗ
1045 2346 1050 2357 ,
1063 2337 1072 2388 ἃ
1083 2335 1122 2373 -μ

272 2383 355 2463 Saepe
370 2386 455 2445 ctiam
469 2386 574 2461 stellas,
589 2393 675 2444 vento
688 2380 881 2462 impenderim,
896 2384 1008 2446 videbis
1182 2388 1239 2444 365

270 2465 436 2543 Praecipites
449 2465 602 2548 coelollabi,
616 2465 764 2541 noctisque
777 2483 828 2542 per
839 2464 969 2524 umbram

270 2545 462 2603 Flammarum
475 2544 575 2620 longos
589 2563 607 2601 a
619 2553 698 2620 tergo
713 2543 856 2602 albescere
869 2552 974 2602 tractus
985 2563 993 2616 ;

271 2621 354 2702 Saepe
368 2623 462 2682 levem
475 2624 587 2701 paleam
601 2632 630 2681 et
642 2623 756 2680 frondes
769 2622 887 2681 volitare
901 2624 1032 2698 caducas,

270 2705 329 2761 Aut
342 2703 454 2762 summi
467 2710 568 2760 nantes
580 2703 611 2758 in
626 2701 699 2778 aquia
713 2701 858 2760 colludere
870 2701 991 2779 plumas.
1038 2757 1041 2762 .

271 2783 309 2840 tt
323 2781 423 2839 Borea
438 2781 474 2838 dc
487 2788 566 2857 parte
580 2781 666 2838 trucis
679 2799 767 2856 quum
778 2779 919 2854 fulminat,
934 2788 963 2838 et
976 2797 1063 2855 quum
1179 2780 1237 2836 370

271 2859 397 2937 Eurique
411 2858 595 2937 Zephyrique
608 2864 687 2915 tonat
700 2859 820 2929 domus;
841 2858 938 2915 omnia
949 2857 1044 2936 plenis

270 2939 348 2998 Rura
361 2946 458 2998 natant
470 2936 561 3012 fossis,
577 2944 660 3013 atque
674 2935 766 2994 omnis
779 2935 875 2993 navita
886 2944 974 3012 ponto

271 3018 397 3077 Humida
409 3016 474 3075 vela
487 3017 563 3094 legit.
603 3015 759 3091 Nunquam
772 3013 998 3091 imprudentibus
1011 3013 1102 3074 imber

272 3097 387 3156 Obluit:
409 3105 457 3156 aut
469 3095 550 3156 illum
563 3103 725 3172 surgentem
737 3092 859 3152 vallibus
869 3092 935 3152 imis

271 3178 364 3236 Aerias
377 3173 477 3253 sugere
489 3194 591 3252 grues3
613 3183 661 3233 aut
673 3173 787 3249 bucula,
802 3172 906 3231 caelum
1178 3173 1236 3231 875

273 3255 445 3334 Suspiciens,
459 3255 562 3332 patulis
576 3254 698 3331 captavit
710 3251 824 3311 naribus
838 3270 937 3326 auras;

271 3335 329 3393 Aut
341 3340 439 3410 arguta
451 3333 529 3392 lacus
543 3331 778 3391 circumvolitavit
790 3331 912 3390 birundo
922 3347 933 3405 3·

272 3411 311 3470 Et
323 3420 448 3470 veterem
461 3412 491 3469 in
504 3411 573 3470 limo
586 3429 661 3468 ranae
675 3407 806 3468 cecinere
819 3408 983 3486 querelam3

273 3487 383 3568 Saepius
396 3497 425 3548 et
437 3490 521 3550 tectis
533 3488 724 3567 penetralibus
737 3488 840 3548 extulit
852 3507 907 3546 ova

194 3593 195 3600 ¹
272 3571 430 3645 Angustum
443 3568 560 3626 immite
572 3576 666 3627 terens
679 3568 750 3641 iter;
771 3574 802 3624 et
812 3564 885 3625 bibit
895 3566 999 3642 ingens
1176 3566 1233 3622 880

272 3649 379 3722 Arcus3
401 3655 430 3706 et
442 3665 459 3705 e
472 3654 554 3724 pastu
568 3645 711 3705 decedens
724 3645 835 3721 agmine
848 3663 955 3720 magno

273 3728 434 3788 Corvonrm
440 3724 580 3803 increpuit
592 3723 688 3783 densis
700 3723 841 3782 exercitus
854 3722 915 3782 alis.

272 3807 333 3866 lam
346 3805 437 3866 varias
449 3803 544 3883 pelagi
555 3803 695 3877 volucres,
710 3811 739 3860 et
751 3820 815 3880 qum
828 3801 898 3860 Asia
911 3801 1019 3859 circum

273 3884 410 3945 Dulcibus
423 3884 454 3942 in
467 3882 573 3960 stagnis
586 3881 723 3940 rimantur
734 3889 813 3958 prata
825 3879 961 3956 Caprae*

273 3961 650 4040 Certatimlargosbnmeris
663 3959 909 4036 infunderemus,
1063 3999 1067 4008 .
1174 3959 1231 4014 886
