2712 4488
523 412 636 468 uranu
654 413 731 470 vnr.
1066 415 1120 472 sur
1165 384 1169 390 ”
1296 483 1299 493 s
1338 461 1339 480 r

148 561 239 630 Jllum
251 561 410 638 indignanti
423 561 555 638 similem,
570 563 749 640 similemque
763 563 892 642 minanti,

146 633 333 718 'Adspicereq
347 649 464 717 pontem
478 642 594 700 auderet
607 639 683 718 qudd
696 642 802 701 vellere
817 643 931 720 Cocles,
1061 649 1119 702 oto

153 720 194 779 Et
205 719 324 778 fluvium
337 718 439 778 vinclis
453 720 564 779 innaret
577 720 680 779 Cloelia
693 721 792 798 ruptis.

154 798 188 856 ln
202 817 313 856 summo
327 804 423 856 custos
438 796 569 875 Tarpeias
583 799 710 858 Manlius
724 801 795 876 arcis

154 876 252 936 Stabat
264 896 315 954 pro
328 877 444 953 templo,
458 885 487 940 et
500 877 642 954 Capitolia
655 878 732 937 celse
744 879 869 958 tenebat,

157 955 370 1032 [Romuleoque
382 961 483 1014 recens
496 955 628 1014 horrebat
641 958 719 1033 regia
732 957 852 1037 culmo]

152 1037 248 1112 Atque
262 1032 310 1092 bic
325 1035 427 1095 auratis
440 1034 561 1094 volitans
575 1043 726 1110 argenteus
740 1055 822 1096 anser

153 1111 313 1178 Porticibus
329 1112 427 1172 Gallos
440 1113 470 1170 in
484 1113 582 1172 limine
596 1114 695 1174 adesse
709 1115 848 1176 canebat:

154 1191 230 1250 Galli
242 1210 294 1268 per
306 1193 406 1250 dumos
420 1192 545 1267 aderant,
560 1211 709 1270 arcemque
722 1195 867 1270 tenebant,

153 1269 273 1328 Delensi
286 1270 410 1330 tenebris
424 1278 453 1328 et
466 1270 540 1328 dono
554 1271 645 1331 noctis
658 1291 764 1349 opucoe.

153 1345 250 1408 Aurea
262 1349 392 1407 cesaries
405 1349 478 1424 ollis,
492 1357 577 1424 atque
591 1367 675 1408 aurea
687 1351 794 1424 vestis,
913 1391 917 1399 ι

154 1427 278 1503 Virgatia
292 1426 523 1502 lucentsagulis3
545 1435 606 1485 tum
619 1427 710 1486 lactea
722 1429 796 1486 colla

153 1509 233 1565 Auro
246 1506 446 1578 innectuntur;
468 1505 524 1564 duo
538 1505 659 1584 quisque
672 1507 779 1584 Alpina
791 1513 940 1565 coruscent

155 1585 240 1642 Greaa
253 1603 348 1659 menn,
362 1583 450 1642 scutis
462 1583 581 1661 protecti
594 1603 710 1662 corpora
722 1584 821 1662 longis.
841 1611 843 1620 ⁴
911 1594 914 1598 ’

155 1662 213 1721 Hic
227 1662 386 1723 exultantes
401 1661 505 1744 Salios,¹
515 1663 666 1740 nudosque
680 1664 836 1742 Lupercos,

155 1743 366 1818 Lanigerosqire
380 1741 484 1820 apices,
499 1741 621 1820 etlapsa
634 1743 739 1802 ancilia
752 1744 826 1802 coelo

154 1821 332 1880 Extuderet:
354 1829 437 1879 eastae
453 1821 596 1880 ducebant
608 1840 687 1880 sacre
699 1841 750 1900 per
762 1823 862 1882 urbem

154 1899 274 1959 Pilentia
288 1907 390 1959 matres
403 1901 432 1958 in
447 1900 588 1958 mollibus.
629 1901 707 1959 Hinc
719 1901 817 1978 procul
831 1901 909 1960 addit

155 1979 303 2045 Tartareas
318 1979 403 2038 etiam
416 1979 508 2057 sedes,
523 1979 579 2038 alte
592 1979 664 2037 ostia
676 1980 772 2053 Ditis3
841 2004 845 2036 r

155 2059 196 2117 Et
208 2057 346 2117 scelerum
359 2076 477 2135 poenas3
499 2066 528 2116 et
540 2065 578 2134 te,
593 2058 726 2134 Catilina,
740 2058 845 2116 minaci

154 2131 334 2196 Pendentem
347 2136 474 2214 scopulo,
488 2137 696 2214 Furiarumque
709 2156 758 2195 ora
770 2145 956 2211 trementem3

157 2217 342 2292 Secretosque
355 2216 427 2293 pios,
441 2215 486 2274 his
500 2217 614 2276 dentem
623 2218 689 2295 jura
702 2217 852 2275 Catonemr
890 2235 898 2258 ·

154 2294 229 2354 Hrec
241 2295 315 2354 inter
327 2295 428 2354 tumidi
441 2291 496 2354 late
511 2295 595 2352 maris
608 2295 667 2354 ibat
679 2295 773 2372 imago

154 2376 259 2449 Aurea,
273 2375 324 2434 sed
336 2374 424 2434 fluctu
438 2374 606 2450 spumabant
618 2375 724 2432 caerula
736 2393 824 2448 cano;

155 2453 196 2510 Et
208 2449 315 2511 circdm
329 2460 445 2530 argento
459 2452 526 2511 clari
540 2453 690 2532 delphines
703 2454 734 2512 iu
747 2453 845 2512 orbem

155 2531 282 2610 AEquora
294 2533 444 2590 verrebant
456 2532 563 2608 caudis,
577 2541 735 2609 aeatumque
748 2532 903 2592 secabant.¹

157 2611 191 2669 ln
204 2611 298 2668 medio
312 2609 416 2674 classes
430 2618 538 2686 eratne,
552 2612 638 2670 Actia
650 2611 736 2686 bella,
896 2613 900 2626 ’

156 2690 281 2748 Cernere
294 2696 371 2763 erat;
392 2697 538 2765 totumque
551 2689 686 2748 instructo
700 2691 795 2749 Marte
807 2689 919 2750 videres
998 2723 1000 2728 ·

157 2767 282 2826 Fervere
295 2768 451 2842 Leucaten,
466 2786 590 2844 auroque
603 2767 739 2844 effulgere
752 2769 863 2846 iluctrrs.

157 2846 236 2904 Hinc
249 2850 396 2922 Augustus
410 2863 496 2920 agens
510 2845 599 2902 Italos
610 2845 640 2904 in
653 2845 752 2923 proelia
761 2846 870 2921 Cresar,

157 2925 232 2986 Cum
245 2923 380 3002 patribus,
393 2922 565 3001 populoque,
579 2923 744 2999 Penatibus,
758 2931 788 2982 et
800 2924 909 3000 magnis
922 2921 976 2999 dis,

158 3005 241 3063 Stans
255 3003 332 3061 celsi
344 3003 374 3060 in
388 3002 496 3080 puppi;
517 3003 645 3077 geminus
658 3003 704 3061 cui
718 3011 847 3079 tempora
858 3002 987 3060 flammea

157 3085 238 3142 Luta
249 3090 380 3158 vomunt,
393 3081 570 3159 patriumque
584 3082 708 3160 aperitur
720 3081 827 3140 vertice
840 3081 927 3140 sidus.
946 3116 948 3125 ·

157 3163 240 3222 Parte
255 3161 319 3238 alis,
333 3159 426 3219 ventis
440 3168 469 3218 et
481 3157 525 3218 dis
537 3161 664 3298 Agrippa
677 3160 820 3236 secundis,

156 3242 280 3317 Arduus,
294 3259 396 3316 agmen
410 3257 515 3316 agens3
537 3240 592 3316 cui,
627 3241 676 3299 elli
688 3240 800 3316 insigne
813 3237 977 3318 superbum,

157 3321 301 3397 Tempora
313 3319 407 3378 navali
420 3319 529 3394 fulgent
541 3327 658 3379 rostrata
670 3319 783 3378 coronis.

158 3399 235 3456 Hinc
250 3417 304 3475 ope
317 3397 464 3458 barbarici
476 3398 617 3474 variisque
630 3398 773 3458 Antonius
787 3398 871 3456 armis
913 3445 917 3456 .

158 3477 267 3552 Victor,
283 3477 317 3534 ab
332 3478 449 3536 Aurorre
462 3477 575 3555 populis
589 3484 618 3536 et
629 3478 722 3536 littore
735 3477 830 3552 rubro,

157 3557 325 3632 AEgyptum,
339 3555 471 3631 viresque
485 3555 619 3632 Orientis,
633 3565 663 3614 et
674 3555 775 3615 ultima
787 3573 884 3614 secum

158 3637 261 3695 Bactra
275 3634 372 3707 vehit;
392 3635 584 3710 sequiturque,
599 3634 696 3694 netas!
718 3633 856 3711 AEgyptia
869 3634 982 3710 conjux.

157 3714 226 3776 Una
239 3731 338 3772 omnes
351 3731 442 3788 ruere,
458 3732 492 3771 ac
505 3719 595 3771 totum
608 3731 748 3789 spumare,
762 3712 885 3770 reductis

158 3793 336 3854 Gonvulsum
350 3791 435 3848 remis
449 3790 602 3867 rostrisque
616 3791 794 3867 tridentibus,
806 3807 910 3868 equor.

157 3874 225 3932 Alta
237 3878 356 3950 petunt:
377 3867 479 3947 pelago
493 3870 590 3928 credas
604 3870 702 3927 innare
715 3869 841 3928 revulsas

158 3950 308 4030 Cycladas,
323 3958 371 4010 aut
384 3955 496 4009 montes
509 3967 676 4008 concurrere
689 3947 834 4006 montibus
847 3945 936 4006 altos:
