3076 4514
603 349 716 406 LIBER
735 353 784 408 VI.

208 494 418 573 Euadnenque,
432 505 462 558 et
473 495 644 576 Pasiphaen.
679 501 743 562 ‚His
756 504 911 568 Laodamia

209 574 236 634 It
248 593 361 649 comes3
383 582 413 636 et
420 575 537 655 juvenis
550 580 704 658 quondam,
717 601 794 642 nunc
807 582 932 663 semino,
946 589 1053 670 Cannis,

206 653 319 713 Rursus
331 654 403 714 etin
416 664 542 716 veterem
555 659 612 718 fato
622 660 754 720 revoluta
767 662 894 739 figuram.

209 732 288 793 Inter
300 753 369 810 quas
382 731 534 795 Phoenisss
545 756 645 796 recens
659 740 806 800 svulnere
820 742 898 802 Dido
1117 757 1175 814 450

208 809 330 872 Errabat
341 813 413 872 silve
426 814 455 872 in
469 816 591 892 magns:
613 837 698 894 quarn
712 819 817 880 Troius
830 820 914 882 heros
1241 821 1244 832 '

147 915 158 932 f
208 891 251 952 Ut
262 889 385 969 primirm
393 894 478 971 juxta
491 896 577 971 stetit,
592 899 763 975 agnovitque
776 919 827 977 per
839 902 967 964 umbram

209 968 376 1048 Obscuram,
390 973 502 1049 qualem
516 974 606 1053 primo
620 976 669 1053 qui
682 997 796 1052 surgere
809 999 909 1040 mense

207 1050 269 1110 Aut
280 1050 359 1110 videt
371 1059 419 1110 aut
431 1053 537 1112 vidisse
551 1062 630 1130 putat
643 1073 694 1132 per
706 1057 805 1116 nubila
817 1057 925 1136 lunum,

207 1128 332 1189 Demisit
344 1130 492 1208 lacrymas,
507 1133 640 1209 dulcique
654 1133 755 1194 effatus
769 1155 863 1196 amore
878 1148 937 1198 est:
1119 1149 1177 1204 465

208 1212 313 1272 Infelix
325 1213 412 1288 Dido,
426 1232 510 1273 verus
523 1213 596 1272 mihi
608 1213 724 1273 nuntius
736 1232 804 1291 ergo

207 1291 334 1351 Venerat
346 1293 510 1368 extinctam,
523 1291 652 1369 ferroque
666 1300 794 1355 extrema
806 1298 951 1356 secutam!

206 1370 339 1448 Funeris,
352 1371 410 1429 heu
422 1373 428 1428 l
449 1369 502 1430 tibi
515 1389 601 1430 causa
612 1371 653 1428 fui
665 1373 671 1428 l
712 1370 770 1430 Per
782 1372 876 1432 sidera
884 1375 960 1452 juro,

206 1448 263 1528 Per
276 1469 402 1528 superos,
416 1449 483 1508 etsi
496 1467 552 1526 qua
563 1449 636 1508 fides
648 1449 750 1508 tellure
763 1450 816 1510 sub
829 1451 888 1510 irnd
900 1460 954 1530 est,

208 1528 330 1604 Invitus,
343 1529 450 1605 regino,
464 1535 513 1586 tuo
527 1529 564 1586 de
577 1527 670 1587 littore
683 1529 766 1588 cessi.
1114 1539 1172 1596 400
1273 1579 1277 1586 ι
1390 1482 1469 1551 -·”’“ἰ

208 1607 266 1668 Sed
279 1627 325 1667 rne
334 1610 415 1687 jussa
427 1605 523 1682 deirm,
537 1625 602 1684 que
615 1626 693 1666 nuno
705 1607 757 1666 hos
770 1608 811 1668 ire
823 1627 876 1686 per
887 1609 1011 1687 umbras,

207 1686 263 1746 Per
274 1688 339 1746 loca
351 1694 432 1746 sento
444 1685 499 1746 situ
512 1695 627 1763 cogunt,
642 1695 812 1766 noctemque
824 1687 1005 1767 profundam,

208 1766 338 1844 Imperiis
351 1763 436 1843 egere
449 1766 526 1841 suis,
540 1784 595 1824 nec
609 1767 725 1824 credere
738 1767 824 1843 quivi
921 1825 926 1834 ,

96 1837 105 1854 ⁴
210 1845 294 1904 Hrrnc
307 1853 415 1905 tantum
429 1845 481 1905 tibi
494 1863 540 1904 me
554 1844 766 1906 discessulerre
779 1847 914 1906 dolorem.
1002 1891 1008 1904 .

208 1924 283 1984 Siste
296 1925 423 2002 madum,
436 1935 522 2000 taque
535 1923 671 2002 adspectu
684 1942 721 1982 ne
733 1925 867 1984 rubnrhc
880 1935 985 1986 nostro.
1115 1933 1173 1988 465

208 2001 303 2076 Quem
316 2004 413 2080 iugis?
434 2011 592 2062 extremum
605 2003 663 2063 fato
676 2004 752 2080 quod
766 2012 794 2063 tc
808 2004 936 2081 alloquor
947 2006 1004 2068 hoc
1016 2013 1068 2068 est·
1149 2043 1152 2050 ,

207 2082 327 2141 Talibus
340 2083 450 2142 AEneus
464 2083 609 2140 ardentem
623 2090 652 2141 et
664 2089 744 2142 torva
756 2091 884 2144 tuentem

208 2161 329 2222 Lenibat
341 2161 424 2222 dictis
437 2161 573 2236 animum,
587 2161 783 2240 lacrymasque
796 2161 897 2224 ciebat

210 2241 261 2300 llla
273 2241 334 2300 solo
347 2241 420 2300 fixos
434 2241 531 2300 oculos
545 2259 646 2300 aversa
657 2241 791 2316 tenebat3

210 2320 271 2380 Nec
285 2317 375 2398 magis
387 2321 501 2398 incepto
514 2321 625 2380 vultum
639 2340 769 2380 sermone
782 2331 922 2399 movetur,
1115 2327 1173 2384 4¹10

208 2397 304 2471 Qudnr
318 2401 343 2459 si
355 2400 425 2459 dura
437 2400 510 2459 silex
522 2408 571 2460 ant
583 2408 639 2460 stet
652 2401 797 2480 Marpesia
809 2409 916 2462 cautes.
993 2463 996 2474 ,

207 2478 337 2538 Tandem
350 2479 421 2538 corri
462 2478 485 2538 it
496 2497 569 2557 sese,
584 2487 667 2557 atque
680 2480 796 2540 inimica
807 2480 911 2558 refugit

208 2558 241 2616 ln
255 2577 355 2617 nemus
368 2577 417 2617 um
437 2558 561 2634 riferum,
575 2560 682 2637 conjux
694 2558 745 2617 ubi
757 2558 892 2636 pristinus
905 2559 947 2620 illi

209 2637 374 2714 Respondet
386 2635 469 2711 curis,
484 2644 633 2713 equatque
648 2637 785 2713 Syohreus
798 2656 932 2696 amorem.

209 2717 272 2776 Nec
285 2711 379 2774 minius
392 2714 502 2773 AEneas
515 2732 583 2772 casu
596 2732 747 2792 percussus
759 2715 857 2791 iniquo
1113 2721 1172 2776 4⁷5

209 2794 391 2871 Prosequitur
402 2793 561 2869 lacrymans
574 2789 669 2868 longe,
683 2799 713 2850 et
725 2791 873 2852 miseratur
886 2799 1010 2852 euntem.

247 2873 319 2932 Inde
332 2874 428 2931 datum
442 2870 557 2930 molitur
568 2870 637 2929 iter:
655 2872 772 2949 jamque
786 2889 852 2928 arva
864 2869 1000 2942 tenebant

211 2953 326 3027 Ultima,
340 2970 404 3028 quae
417 2949 495 3010 bello
508 2948 576 3008 clari
589 2956 698 3008 secrete
711 2948 900 3032 frequentent,

207 3030 265 3092 Hic
278 3032 321 3090 illi
335 3029 455 3090 occurrit
467 3029 594 3106 Tydeus,
608 3025 656 3087 hic
669 3027 791 3106 inclytus
804 3029 888 3088 ermis

206 3110 440 3206 Parthenoqaeus,
455 3115 484 3167 et
496 3108 609 3167 Adrasti
621 3107 753 3185 pallentis
765 3107 868 3184 imago.
1113 3113 1170 3170 480

208 3189 267 3250 Hic
281 3190 404 3250 multum
416 3187 476 3247 fleti
489 3189 525 3246 sd
538 3206 665 3266 superos,
677 3186 810 3264 belloque
823 3186 934 3264 reduci,

207 3269 398 3342 Dardanidae;
419 3285 491 3346 quos
503 3266 552 3326 ille
565 3285 665 3326 omnes
677 3266 762 3343 longo
776 3265 874 3326 ordine
888 3283 1017 3342 cernens,

177 3357 181 3369 ·
209 3347 369 3425 Ingemuit5
391 3347 598 3422 Glaucumque,
613 3346 816 3423 Medontaque,
831 3343 1115 3425 Tbersiloolrumque,

209 3426 281 3486 Tres
294 3426 494 3503 Antenoridas,
508 3425 662 3500 Cererique
675 3441 785 3484 sacrum
793 3423 997 3502 ‘Polyphoetem

209 3505 373 3582 ldeumque
387 3505 473 3563 etiam
485 3522 593 3578 currus,
608 3502 693 3562 etiam
707 3523 793 3576 mma,
806 3511 961 3563 tenentem.
1113 3508 1170 3563 485

209 3585 400 3645 Circumstant
408 3582 510 3641 eninrae
523 3581 623 3641 dexnt
635 3581 763 3658 levi-que
775 3582 946 3659 frequentes.

209 3663 240 3723 N
241 3682 274 3724 eo
286 3663 392 3722 vidisse
405 3661 494 3720 semel
507 3658 574 3720 satis
588 3667 649 3719 est:
666 3661 748 3738 juvet
759 3679 850 3738 nsque
863 3661 975 3736 morari,

209 3743 251 3803 Et
263 3742 390 3802 conferre
403 3739 531 3816 gradum,
545 3747 575 3798 et
586 3738 721 3797 veniendi
734 3739 843 3798 discere
857 3758 964 3798 causas.

209 3823 250 3882 At
261 3819 394 3881 Danaum
407 3835 548 3896 proceres,
560 3817 852 3894 Agamemnonieqne
865 3817 1030 3894 phalanges,

213 3900 253 3961 Ut
265 3899 363 3962 videre
376 3899 469 3959 virum
482 3894 677 3974 fulgentiaque
689 3914 767 3954 arma
778 3915 830 3974 per
842 3895 966 3970 umbras,
1114 3901 1173 3954 490
