2712 4488
187 473 243 538 m
577 473 759 534 AENBIDOS

189 631 237 692 Sio
251 631 291 690 ait
302 629 499 706 illacrymans:
520 627 639 688 humero
652 629 736 688 simul
750 629 830 690 exuit
844 647 942 690 ensem
1302 609 1303 654 l

186 709 335 786 Auratum,
350 709 420 767 miri
434 725 520 784 quem
533 707 638 767 seoerst
651 717 710 766 nrte
723 710 840 786 Lycaon

187 789 321 864 Gnosius,
336 797 419 864 atque
433 787 558 846 habilem
571 787 675 864 regini
688 789 798 864 aptirat
811 786 927 846 eburni.
1098 793 1159 849 ⁸⁰5
1302 787 1303 848 l

185 869 245 928 Dat
256 867 330 926 Niso
343 866 516 926 Mnestheus
529 866 635 944 pellem
649 866 952 946 horrentisque-leonis

185 947 333 1005 Exuvias:
355 945 465 1023 guleom
479 945 553 1003 lidus
562 951 703 1022 permutat
716 945 824 1004 Aletes.

184 1025 325 1084 Protenus
338 1025 437 1083 armati
450 1023 604 1097 incedunt3
625 1041 696 1100 quos
709 1025 802 1082 omnis
816 1031 916 1083 euntes

184 1101 344 1162 Primatum
358 1119 459 1163 munus
473 1103 508 1160 ad
521 1110 616 1179 portus
625 1103 823 1180 juvenumque
837 1121 996 1180 senumque

184 1183 368 1260 Prosequitur
380 1181 453 1240 votis
466 1201 472 1237 :
494 1199 548 1240 nee
561 1199 619 1240 non
634 1189 662 1239 et
674 1181 795 1259 pulcher
808 1180 897 1258 Iirlus,

183 1264 260 1320 Ante
274 1280 363 1320 annos
378 1261 560 1336 animumque
574 1275 675 1336 gerens
689 1279 842 1337 curamque
855 1259 977 1338 virilem,

184 1340 278 1399 Multa
290 1340 363 1418 patri
375 1339 513 1417 portanda
526 1339 611 1398 dabat
623 1340 771 1413 mandata3
793 1339 844 1398 sed
858 1357 932 1398 aune

184 1418 289 1477 Omnia
302 1419 474 1496 discerpunt,
489 1425 518 1476 et
531 1418 654 1477 nubibus
667 1419 745 1477 irrita
757 1420 872 1477 donant

222 1493 340 1574 Egressi
353 1506 486 1575 superant
500 1496 598 1573 fossas,
613 1498 760 1574 noctisque
772 1516 825 1576 per
837 1495 968 1556 umbram

183 1576 282 1634 Castra
294 1577 411 1634 inimica
422 1584 533 1656 petunt,
548 1576 643 1636 multis
657 1584 752 1634 tamen
766 1573 831 1636 enta
845 1576 933 1636 futuri

183 1653 291 1714 Exitio.
332 1655 444 1714 Passim
458 1675 558 1714 somno
570 1655 695 1731 vinoque
709 1673 761 1732 per
773 1655 891 1714 herbam

183 1734 310 1812 Corpora
322 1727 384 1793 su'sa
396 1736 512 1808 videut3
534 1741 656 1792 arrectos
666 1733 760 1792 littore
772 1753 879 1809 currus,

182 1811 261 1871 Inter
273 1814 333 1872 lora
346 1822 477 1889 rotasque
490 1811 586 1886 viros3
607 1811 691 1874 simul
706 1831 783 1870 arma
791 1815 898 1890 jueere,

182 1891 260 1949 Vina
273 1892 367 1950 simul.
408 1891 490 1950 Prior
503 1891 676 1967 Hyrtacides
690 1891 731 1949 sio
744 1909 793 1950 ore
807 1891 937 1950 loeutus:

182 1969 319 2047 Euryale,
334 1971 495 2029 audendum
510 1969 627 2028 dextri:
649 1987 725 2030 nuno
739 1970 801 2047 ipsa
813 1977 897 2030 vocat
908 1987 963 2028 res.

181 2047 247 2108 Huc
261 2049 315 2108 iter
328 2057 390 2108 est:
411 2057 453 2126 tn,
467 2067 504 2107 ne
519 2066 576 2126 qua
588 2067 689 2108 manus
702 2067 733 2108 se
747 2049 874 2137 attollere
887 2047 970 2108 nobis

181 2126 301 2205 Atergo
313 2129 412 2206 possit,
427 2127 547 2203 custodi,
562 2135 592 2187 et
605 2127 722 2200 consule
735 2125 830 2205 longi.
853 2144 860 2165 ²
880 2153 884 2169 ¹
910 2157 929 2175 ι’

181 2206 255 2264 Hoee
270 2226 322 2283 ego
336 2216 416 2266 vasta
427 2207 511 2283 dabo,
526 2214 556 2264 et
568 2207 624 2266 lato
638 2215 666 2266 te
680 2207 770 2266 limite
784 2209 895 2267 ducam.

182 2285 231 2342 Sic
245 2294 392 2362 memorat,
406 2303 565 2361 vocemque
577 2286 698 2363 premit:
720 2287 804 2344 simul
817 2305 886 2346 ense
900 2285 1053 2363 superbum

179 2363 374 2423 Rhamnetem
389 2364 557 2440 aggreditur,
572 2364 622 2439 qui
635 2362 706 2422 fortd
720 2365 861 2442 tapetibus
875 2364 937 2425 ultis
1092 2369 1150 2424 325

180 2441 350 2500 Exstruotus
363 2450 422 2500 toto
435 2441 573 2519 proflabat
585 2449 700 2519 peotore
713 2459 865 2518 somnum3

179 2519 247 2578 Rex
259 2521 346 2597 idem,
361 2529 390 2580 et
402 2521 463 2597 regi
476 2519 575 2579 Turno
589 2520 762 2597 gratissimus
776 2540 881 2599 augur:

182 2599 238 2656 Sed
254 2618 311 2657 nou
325 2600 441 2676 augurio
455 2601 547 2677 potuit
560 2599 704 2677 depellere
717 2609 836 2676 pestem.

180 2677 252 2738 Tres
261 2677 346 2757 juxti
358 2679 482 2738 tumulos
496 2676 603 2737 temerd
617 2679 691 2736 inter
703 2680 761 2738 tela
769 2682 908 2758 jacentes,

179 2758 416 2836 Armigerumque
430 2759 517 2817 Remi
531 2758 643 2836 premit,
658 2759 841 2836 aurigamque
855 2759 908 2819 sub
922 2760 991 2838 ipsis
1091 2764 1148 2818 330

179 2836 289 2896 Nactus
304 2839 393 2916 equis,
408 2837 537 2915 ferroque
551 2846 629 2896 secat
641 2838 795 2914 pendentia
809 2840 891 2899 eolla.

179 2915 255 2974 Turn
271 2927 358 2997 eaput
370 2919 427 2996 ipsi
441 2919 531 2977 aufert
544 2918 669 2993 domino,
683 2925 873 2997 truncumque
886 2917 1026 2996 relinquit,

180 2995 325 3073 Sanguine
340 2998 560 3074 singultantem·
583 3006 641 3056 atro
655 2998 795 3075 tepesaeta
808 3016 906 3057 cruore

71 3107 75 3130 ι
179 3073 267 3134 Terra
280 3077 391 3153 torique
405 3078 529 3136 madent.
570 3078 601 3136 N
603 3095 636 3136 eo
651 3097 709 3135 non
724 3079 943 3154 Lamyrumque,
957 3077 1146 3153 Lamumque,

85 3191 87 3198 ι
178 3152 219 3210 Et
226 3156 366 3231 juvenem
381 3155 542 3231 Sarran'r‘rm,
553 3155 603 3213 ills
616 3157 665 3233 qui
679 3156 800 3232 plurima
812 3165 896 3214 noete
1089 3160 1146 3214 335

178 3230 307 3307 Luserat,
321 3233 439 3308 insignis
453 3234 535 3308 faeie,
551 3234 697 3308 multoque
707 3234 822 3311 jacebat

178 3309 311 3368 Membra
324 3312 378 3368 deo
391 3312 501 3369 victus:
526 3313 595 3369 felix
609 3312 633 3369 si
646 3318 780 3386 protenus
793 3312 873 3370 illum

178 3385 334 3462 AEquisset
347 3389 424 3447 noeti
438 3389 546 3463 ludum,
560 3389 755 3463 inlucemque
768 3390 894 3448 tulisset!

180 3464 320 3540 Impastus
335 3486 387 3524 ceu
401 3465 488 3544 plens
500 3468 546 3525 len
558 3485 611 3544 per
624 3466 710 3524 ovilia
722 3467 847 3542 turbans,

181 3543 286 3602 Suadet
300 3545 377 3603 enim
390 3563 495 3604 vesana
507 3545 605 3620 fames,
620 3546 784 3624 manditque
797 3547 938 3623 trahitque
1087 3553 1145 3607 340

179 3622 270 3681 Molle
283 3641 381 3702 pecus,
396 3631 562 3701 mutumque
576 3632 672 3698 metu;
693 3625 787 3684 fremit
800 3645 847 3684 ore
861 3633 987 3684 cruento.

179 3702 210 3761 N
211 3721 244 3760 eo
257 3704 349 3761 minor
362 3703 480 3778 Euryali
494 3705 603 3762 oaedes:
625 3704 758 3764 incensus
772 3714 801 3764 et
813 3707 874 3783 ipae

179 3779 309 3859 Periurit,
324 3801 356 3842 ae
370 3782 487 3840 multam
501 3783 529 3840 in
544 3783 639 3841 medio
652 3785 714 3842 sine
727 3785 843 3842 nomine
857 3784 982 3862 plebem,

179 3854 356 3938 Fadumque,
371 3861 589 3938 Herbesumque
604 3862 687 3936 subit,
701 3863 906 3941 Rhoetumque,
921 3864 1103 3942 Arabimque,

181 3936 315 4012 ignaros,
336 3941 474 3999 Rhoetum
487 3940 651 4016 vigilantem
665 3949 694 3998 et
707 3949 808 4000 cuneta
820 3943 974 4018 videntem,
1085 3945 1143 4002 ³45

182 4015 239 4074 Sed
252 4036 385 4092 magnum
399 4028 529 4078 metuens
543 4036 574 4075 se
586 4026 652 4093 post
664 4027 771 4076 cratera
783 4021 914 4096 tegebat,
