3076 4514
588 381 700 436 LIBER
718 383 767 436 lv.

248 529 287 587 At
299 525 366 587 vend
380 528 489 586 AEneas
503 528 636 605 adspectu
650 529 791 588 obmutuit
804 551 919 607 amens;

209 608 392 694 Arreqteque
405 605 519 662 horrore
532 625 630 681 come,
645 615 674 664 ct
686 627 743 664 vox
755 608 884 668 faucibus
897 611 987 670 hesit
1112 621 1169 674 280

208 685 298 742 Ardet
312 685 388 742 abire
401 683 477 758 tingri,
492 684 647 759 dulcesque
661 685 818 760 relinquere
831 697 926 765 terras,

209 763 354 820 Attonitus
368 770 443 820 tanto
459 762 566 820 monitu
580 763 754 838 imperioque
768 766 894 824 deorum.

209 841 295 898 Heu!
316 841 384 917 quid
398 842 480 915 agat?
500 859 557 916 quo
569 859 646 898 nunc
659 841 784 916 reginam
797 845 903 902 ambire
916 846 1055 906 tirrentem

209 920 323 977 Audeat
336 918 440 976 affatu?
462 937 525 994 quae
538 919 631 996 prima
644 920 759 978 exordia
771 925 884 981 sumat?
1155 979 1156 984 ,

209 999 303 1074 Atque
317 996 443 1055 animum
458 997 606 1055 nunc-huc
619 997 750 1072 celerem,
764 1019 840 1058 nunc
854 1002 954 1061 dividit
966 1001 1045 1079 illue,
1111 1007 1168 1065 285

211 1075 245 1132 Iu
258 1083 407 1152 partesque
421 1075 493 1152 rapit
505 1077 606 1151 varias,
618 1094 725 1152 perque
738 1079 834 1136 omnia
846 1088 946 1152 versat
999 1119 1002 1124 -

210 1153 283 1210 Hoeo
298 1154 445 1212 alternanti
457 1154 548 1230 potior
561 1153 700 1212 sententia
712 1153 773 1212 visa
785 1165 835 1215 est

210 1231 371 1307 Mnesthea,
386 1233 606 1308 Sergestumque
618 1240 710 1306 vocat,
724 1231 880 1311 fortemque
893 1237 1083 1313 Cloanthum

210 1309 337 1378 Classem
352 1319 447 1387 aptent
459 1310 547 1384 taciti,
561 1310 654 1367 socios
669 1310 704 1366 ad
716 1310 809 1386 littora
821 1322 932 1390 cogant
956 1307 963 1327 ⁶

210 1389 296 1446 Arma
308 1397 416 1464 parent,
431 1394 535 1461 etque
550 1388 586 1444 sit
598 1387 682 1444 rebus
697 1404 784 1445 causa
797 1392 933 1448 novandis
975 1439 978 1448 ,
1111 1401 1167 1454 200

209 1466 414 1524 Dissimulent:
435 1483 497 1522 sese
510 1465 627 1538 interea,
641 1465 752 1540 quando
766 1462 872 1542 'optima
884 1469 962 1526 Dido

210 1544 337 1618 Nesciat,
352 1552 381 1601 et
393 1549 484 1602 tantos
498 1543 589 1620 rumpi
600 1560 657 1599 nou
671 1550 764 1619 speret
777 1563 895 1622 amores,

210 1622 396 1680 Tentaturum
410 1620 511 1696 aditus,
525 1629 554 1679 et
566 1639 629 1698 quse
642 1621 806 1680 mollissima
816 1622 895 1682 sandi
916 1663 920 1670 ,

211 1701 360 1777 Tempora,
374 1700 435 1776 quia
448 1700 532 1757 rebus
545 1701 644 1759 dexter
656 1700 766 1758 modus.
808 1700 898 1760 Ocilia
911 1721 1009 1762 omues

211 1779 334 1856 imperio
347 1780 405 1838 laeti
417 1787 526 1856 parent,
540 1799 573 1837 ac
582 1781 662 1857 jussa
673 1778 824 1838 lacessunt.
923 1839 930 1854 ‚
1049 1811 1052 1821 ·
1109 1786 1165 1841 205

247 1860 287 1917 At
300 1859 396 1934 regina
409 1857 489 1915 dolos
506 1858 584 1933 (quis
597 1857 692 1915 saliere
705 1859 794 1934 possit
807 1866 949 1918 amantem
957 1860 983 1938 ?)

209 1936 369 2011 Praesensit,
384 1944 531 2012 motusque
544 1936 657 2012 excepit
668 1936 758 2012 prima
770 1936 888 2012 sumros,

210 2015 314 2075 Omnia
326 2023 387 2074 tuta
399 2016 518 2074 timens:
541 2015 639 2087 eadem
652 2014 739 2090 impia
750 2015 840 2072 Fama
852 2015 955 2074 furenti

209 2094 320 2152 Detulit
333 2094 431 2152 armari
444 2093 572 2167 classem,
586 2111 757 2168 cursumque
770 2093 869 2170 parari.

212 2173 299 2232 Sevit
310 2173 391 2250 inops
405 2172 500 2247 animi,
515 2179 658 2248 totamque
671 2171 787 2231 incensa
799 2189 850 2248 per
862 2171 961 2230 urbem
1108 2179 1164 2234 000

210 2251 383 2310 Bacchatur:
397 2251 493 2326 qualis
508 2251 655 2309 commotis
669 2251 761 2309 excita
774 2249 858 2308 sceris

210 2330 326 2406 Thyias,
339 2330 390 2389 ubi
403 2331 497 2388 audito
510 2329 653 2390 stimulant
665 2329 804 2388 trieterica
817 2328 931 2387 Baccho

211 2408 303 2484 Orgia,
318 2417 525 2485 nocturnusque
538 2415 620 2467 vocat
631 2408 755 2466 clamore
768 2407 920 2466 Citheron.

210 2486 338 2544 Tandem
351 2488 396 2546 his
409 2488 522 2545 AEnean
536 2486 687 2563 compellat
699 2481 817 2544 vo'cibus
830 2486 920 2544 uino:

247 2565 431 2623 Dissimulare
444 2566 530 2623 etiam
543 2564 669 2641 aperuisti,
683 2565 799 2640 perfide,
813 2572 922 2624 tantum
1107 2569 1163 2623 305

209 2643 298 2701 Posse
311 2644 398 2718 nefas,
412 2644 569 2718 tacitusque
583 2643 647 2700 mei
660 2643 798 2702 decedere
811 2643 905 2700 terrai?

210 2721 273 2779 Nec
287 2729 314 2779 te
328 2728 422 2779 noster
435 2739 520 2793 amor,
534 2739 588 2777 uec
602 2729 630 2776 te
644 2720 709 2776 dcta
722 2721 839 2777 dextera
850 2720 1000 2796 quondam,

209 2800 273 2857 Nec
287 2801 419 2857 moritura
430 2805 508 2856 tenet
520 2797 628 2854 crudeli
640 2796 737 2854 sunere
750 2797 850 2854 Dido?

211 2877 287 2947 Quin
302 2879 385 2936 etiam
399 2876 516 2933 hiberno
530 2874 635 2932 moliris
647 2874 739 2931 sidere
752 2874 880 2947 classem,

209 2957 250 3014 Et
261 2955 361 3013 mediis
374 2973 506 3032 properas
519 2951 706 3029 Aquilonibus
718 2951 759 3008 ire
773 2970 824 3027 per
836 2951 932 3025 cltum,
1034 2954 1037 2961 '
1105 2955 1162 3009 310

205 3035 362 3094 Crudelis?
403 3032 500 3104 Quid?
528 3031 551 3089 si
565 3049 621 3088 non
635 3049 701 3088 arva
714 3029 806 3101 aliena
818 3029 971 3105 domosque
1117 3031 1120 3037 ⁴

209 3113 322 3190 Ignotae
335 3121 454 3190 peteres,
469 3119 498 3170 et
510 3109 597 3188 Troja
609 3108 722 3185 antiqua
735 3114 869 3184 moneret,

209 3192 294 3270 Troja
306 3211 356 3269 per
368 3192 506 3250 undosum
519 3197 659 3265 peteretur
671 3187 807 3246 classibus
820 3189 935 3263 equor?

209 3269 297 3327 Mene
310 3271 403 3347 sugis?
423 3269 479 3327 Per
492 3287 544 3342 ego
556 3267 608 3325 has
620 3267 756 3342 lacrymas
769 3267 952 3341 dextramque
966 3271 1051 3339 tuam,
1065 3271 1103 3340 te,

213 3345 348 3422 (Quando
362 3349 437 3406 aliud
451 3346 521 3404 milri
531 3347 590 3423 jam
604 3345 712 3402 miseras
724 3343 795 3401 nihil
808 3344 871 3421 ipsa
883 3342 995 3420 reliqui)
1104 3346 1160 3400 315

208 3424 265 3482 Per
277 3427 417 3484 connubia
430 3435 533 3499 nostra,
547 3443 597 3500 per
609 3424 735 3499 inceptos
748 3423 919 3498 hymeneos,

211 3503 241 3560 Si
254 3502 326 3560 bene
340 3505 407 3579 quid
420 3505 455 3561 de
468 3511 497 3562 te
510 3501 608 3574 merui,
622 3500 675 3559 suit
687 3508 734 3558 aut
746 3499 798 3558 tibi
811 3501 961 3576 quidquam

208 3581 300 3638 Dulce
313 3600 416 3656 meum,
431 3583 562 3640 miserere
576 3578 675 3637 domnis
688 3578 817 3653 labentis,
831 3588 860 3637 et
871 3579 963 3652 istam,

208 3658 275 3733 Oro,
290 3659 314 3716 si
328 3660 389 3735 quis
402 3659 493 3717 adhuc
506 3656 635 3735 precibus
649 3655 735 3730 locus,
750 3675 823 3716 exue
836 3664 968 3716 mentem.

208 3737 251 3811 Te
258 3746 378 3832 propter
390 3736 503 3812 Libycae
517 3743 614 3812 gentes
626 3734 843 3810 Nomadumque
856 3733 966 3811 tyranni
1102 3733 1159 3790 320

209 3813 320 3888 Odere3
340 3815 442 3873 lulensi
455 3814 552 3890 Tyrii:
573 3821 602 3871 te
614 3820 727 3889 propter
740 3814 871 3871 eumdem

208 3893 357 3952 Extinctus
370 3894 469 3970 pudor,
483 3900 520 3966 et,
535 3891 590 3967 qui
603 3890 663 3948 soli
676 3890 767 3948 sidera
780 3890 899 3962 edibam,

207 3971 294 4029 Fama
307 3974 388 4048 prior.
430 3972 485 4030 cui
498 3989 543 4028 me
557 3969 749 4027 moribundam
763 3967 878 4041 deseris,
891 3965 1015 4041 hospes?
