2540 4320
146 447 199 504 314
534 445 715 502 AENEIDOS

147 595 211 655 Nec
225 602 253 655 te
266 603 359 655 tantus
372 595 438 656 edat
450 594 565 655 tacitam
579 594 677 668 dolor;
698 595 811 654 etmihi
824 615 898 656 cure

149 671 232 751 Saepri
247 682 295 732 tuo
309 672 386 732 dulci
399 674 491 732 tristes
504 692 542 732 er
554 692 604 732 ore
616 683 770 734 recursant

147 752 277 812 Ventum
292 752 327 812 ad
340 769 505 828 supremum
518 760 569 810 est
610 751 707 810 Tenis
720 753 824 828 agitare
837 753 885 812 vel
897 753 982 813 undis

148 829 287 889 Tro'anos
299 831 425 909 potuisti,
440 830 585 890 infandum
600 831 755 888 accendere
768 831 887 908 bellum,
922 851 925 858 ·

148 849 313 967 Delbrmare
326 910 452 984 domum,
466 917 496 966 et
508 908 586 967 luctu
601 909 722 968 miscere
735 908 918 987 hymeneos:
1054 916 1115 970 ⁸05

148 984 276 1046 Ulterius
288 995 397 1046 tentare
410 995 484 1048 veto.
526 986 574 1046 Sic
586 987 697 1064 Jupiter
710 1006 805 1046 orsus:

150 1064 197 1124 Sic
211 1067 265 1125 dea
278 1066 417 1124 submisso
430 1061 529 1140 contrd
544 1065 675 1125 Saturnia
688 1065 788 1124 vultu:

149 1142 207 1203 Ista
219 1145 334 1221 quidem
347 1144 414 1221 quia
427 1151 493 1202 nota
507 1143 578 1202 mibi
591 1153 648 1218 tua,
661 1163 775 1220 magne,
788 1145 930 1222 voluntas,

147 1221 265 1300 Jupiter,
280 1230 309 1280 et
321 1222 450 1280 Turnum
464 1229 493 1280 et
506 1229 592 1284 terras
605 1221 694 1281 invita
706 1222 815 1300 reliqui.

147 1301 212 1360 Nec
226 1309 255 1360 tu
270 1319 317 1358 me
332 1301 408 1359 obrid
422 1301 510 1360 solam
523 1319 601 1359 nunc
614 1301 683 1360 sede
695 1301 807 1362 videres
1054 1307 1113 1362 810

148 1379 251 1455 Digna,
265 1379 389 1455 indigna,
403 1380 481 1457 pati3
503 1379 553 1438 sed
566 1379 687 1438 flammis
700 1380 795 1440 cincta
807 1380 860 1442 sub
872 1381 964 1458 ipsam

150 1457 259 1516 Starem
274 1457 373 1534 aciem,
388 1458 585 1536 traheremque
598 1457 715 1516 inimica
726 1457 757 1518 in
770 1460 870 1538 proelia
883 1459 1020 1519 Teucros.
1047 1505 1050 1512 ,

147 1534 295 1596 Juturnam
309 1537 422 1612 misero,
436 1537 534 1612 fateor,
548 1555 713 1596 succurrere
726 1537 803 1598 fratri

150 1615 241 1692 Sussi,
257 1624 285 1674 et
297 1633 347 1692 pro
360 1615 420 1674 vitri
433 1619 540 1694 majora
553 1616 656 1678 audere
668 1616 803 1692 probavi3

147 1691 216 1752 Non
229 1701 262 1752 ut
273 1693 331 1753 tela
344 1702 448 1769 tamen,
462 1714 520 1752 non
533 1703 565 1754 ut
576 1695 761 1753 contenderet
774 1714 870 1754 arcum
883 1715 890 1754 :
1055 1699 1113 1754 815

147 1772 256 1851 Adjuro
271 1771 361 1849 Stygii
374 1780 459 1849 caput
472 1772 651 1850 implacabile
665 1771 758 1847 sontis,

148 1851 215 1911 Una
229 1851 390 1929 superstitio
403 1850 514 1928 superis
528 1869 590 1928 quae
604 1851 712 1909 reddita
725 1851 807 1910 divis.

148 1929 188 1989 Et
201 1949 276 1988 nunc
290 1930 361 1987 cedo
375 1930 518 2007 equidem,
531 1947 697 2066 pugnasque
710 1949 799 1990 exosa
811 1931 948 2008 relinquo.

148 2007 223 2068 lllud
236 2016 273 2086 te,
288 2007 366 2067 nullst
378 2008 428 2068 fati
440 2010 518 2088 quod
541 2027 595 2084 ege
608 2014 729 2084 tenetur,

146 2087 203 2148 Pro
217 2087 299 2146 Latio
312 2086 445 2162 obtestor,
458 2107 510 2165 pro
521 2090 671 2166 majestate
684 2095 814 2148 morum:

148 2167 245 2238 Quum
254 2168 315 2244 jam
328 2166 477 2226 connubiis
488 2185 589 2244 pacem
603 2165 744 2242 felicibus,
758 2172 829 2241 esto,

148 2245 336 2322 component,
351 2265 438 2322 quum
448 2247 509 2322 jum
523 2245 602 2320 leges
614 2255 645 2302 ct
657 2244 763 2302 soedera
772 2246 903 2322 jungent,
1007 2276 1012 2285 ι

152 2325 194 2384 Ne
208 2331 289 2382 vetus
302 2323 450 2398 indigenas
464 2341 569 2380 nomeu
584 2330 692 2380 mutare
706 2323 833 2400 Latinos,

147 2403 215 2463 Neu
228 2401 317 2459 Troas
331 2401 392 2458 fieri
401 2400 513 2479 jubens,
528 2400 712 2477 Teucrosque
726 2402 831 2478 vocari,

146 2483 206 2540 Aut
218 2497 320 2538 vocem
332 2487 439 2538 mutere
453 2479 538 2552 viros,
553 2487 601 2540 aut
613 2487 724 2538 vertere
737 2487 840 2540 vestes.
1054 2484 1111 2540 825

149 2559 192 2618 Sit
204 2556 328 2633 Latium,
342 2557 398 2615 sint
413 2557 519 2616 Albani
531 2576 582 2634 per
595 2557 702 2616 secula
714 2576 814 2634 reges3

147 2637 192 2696 Sit
204 2637 336 2695 Romans
348 2643 449 2713 potens
462 2635 535 2694 suls
547 2636 651 2695 virtute
664 2655 788 2715 propago
801 2656 808 2694 τ

148 2715 270 2791 Occidit,
285 2714 474 2790 occideritque
488 2714 565 2773 sinas
577 2733 643 2774 cum
656 2716 781 2791 nomine,
796 2715 891 2795 Troje.

185 2795 245 2856 Olli
258 2793 406 2854 subridens
418 2793 566 2852 hominum
580 2811 730 2870 rerumque
743 2802 885 2872 repertor:
1126 2839 1128 2844 .

147 2861 333 2960 Intermana
345 2873 433 2948 Jovis,
449 2874 618 2951 Saturnique
633 2872 720 2944 altera
732 2875 834 2950 proles,
1052 2876 1111 2934 830

148 2953 255 3012 Irarum
270 2961 362 3012 tantos
374 2953 465 3012 volvis
480 2951 531 3012 sub
545 2960 660 3029 pectore
674 2952 793 3010 fluctus!
885 2955 888 2962 '

146 3029 256 3090 uerum
270 3049 332 3108 nge,
347 3040 375 3090 et
387 3031 533 3109 inceptum
547 3030 648 3090 frustra
660 3031 794 3090 submitte
808 3028 947 3088 furorem:

147 3111 194 3169 Do
205 3110 348 3188 quodvis,
363 3118 391 3184 et
405 3130 450 3169 me
465 3111 612 3187 victusque
625 3110 781 3185 volensque
795 3109 916 3168 remitto.

145 3190 314 3249 §amonem
327 3189 447 3266 Ausonii
460 3189 581 3266 patrium
595 3206 744 3264 moresque
758 3187 915 3260 tenebunt3

147 3268 244 3344 thue
257 3275 301 3325 est
313 3285 418 3336 nomen
432 3267 503 3324 erit:
524 3265 671 3324 commixti
683 3283 799 3342 corpore
813 3262 923 3324 tantum
1053 3267 1111 3322 835

149 3342 302 3403 Subsident
312 3344 437 3416 Teucri3
457 3362 565 3402 morem
580 3344 704 3419 ritusque
718 3363 859 3402 sacrorum

147 3423 298 3501 Adjiciam,
312 3422 470 3500 faciamque
483 3441 582 3485 ornnes
595 3440 653 3480 uuo
668 3441 715 3480 ore
729 3421 855 3480 Latinos.

148 3501 225 3561 Hinc
238 3519 338 3576 genus,
352 3502 480 3558 Ausonio
495 3499 617 3558 mixtum
630 3500 856 3576 quodsanguine
870 3500 975 3578 surget,

149 3579 240 3657 Sopra
252 3579 392 3654 homines,
407 3599 489 3656 supra
502 3579 543 3635 ire
557 3579 626 3636 deos
638 3579 743 3656 pietate
755 3579 884 3654 videbis3

147 3659 212 3719 Nec
227 3678 296 3736 gens
309 3657 369 3718 ulla
380 3666 444 3719 tuos
458 3654 539 3734 aequb
552 3656 707 3726 celebrabit
720 3657 851 3718 bonores.
905 3702 908 3706 -
1055 3659 1113 3714 840

147 3737 257 3796 Annuit
270 3737 315 3795 his
327 3737 345 3794 J
346 3756 412 3812 uno,
428 3743 456 3794 et
469 3743 593 3794 mentem
606 3736 701 3796 laetata
714 3737 832 3796 retorsit.

149 3816 261 3873 interea
274 3816 388 3874 excedit
400 3815 481 3889 coelo,
495 3813 658 3891 nubemque
672 3816 792 3892 reliquit.

187 3893 242 3949 His
255 3894 334 3967 actis,
349 3893 425 3950 uliud
438 3893 547 3968 genitor
560 3911 656 3951 secum
670 3895 732 3970 ipse
745 3893 871 3964 volutat3

149 3968 353 4046 Iuturnamque
366 3980 445 4048 parat
459 3970 548 4028 fratris
563 3972 702 4030 dimittere
717 3972 752 4028 ab
766 3971 858 4028 armis.
