<?xml version="1.0" encoding="UTF-8"?>
<!DOCTYPE html PUBLIC "-//W3C//DTD XHTML 1.0 Transitional//EN"
    "http://www.w3.org/TR/xhtml1/DTD/xhtml1-transitional.dtd">
<html xmlns="http://www.w3.org/1999/xhtml" xml:lang="en" lang="en">
 <head>
  <title>
</title>
<meta http-equiv="Content-Type" content="text/html;charset=utf-8" />
  <meta name='ocr-system' content='tesseract 3.04.00' />
  <meta name='ocr-capabilities' content='ocr_page ocr_carea ocr_par ocr_line ocrx_word'/>
</head>
<body>
  <div class='ocr_page' id='page_1' title='image "./bucolicageorgic06virggoog/bucolicageorgic06virggoog_0293.png"; bbox 0 0 2712 4488; ppageno 0'>
   <div class='ocr_carea' id='block_1_1' title="bbox 163 581 732 643">
    <p class='ocr_par' dir='ltr' id='par_1_1' title="bbox 163 581 732 643">
     <span class='ocr_line' id='line_1_1' title="bbox 163 581 732 643; baseline -0.018 0"><span class='ocrx_word' id='word_1_1' title='bbox 163 587 216 643; x_wconf 67' lang='lat'>28⁴</span> <span class='ocrx_word' id='word_1_2' title='bbox 555 581 732 638; x_wconf 78' lang='lat' dir='ltr'>AENEIDOS</span> 
     </span>
    </p>
   </div>
   <div class='ocr_carea' id='block_1_2' title="bbox 143 725 1202 4174">
    <p class='ocr_par' dir='ltr' id='par_1_2' title="bbox 166 725 1026 1042">
     <span class='ocr_line' id='line_1_2' title="bbox 166 725 897 808; baseline -0.015 -16"><span class='ocrx_word' id='word_1_3' title='bbox 166 733 283 808; x_wconf 81' lang='lat' dir='ltr'>Profuit,</span> <span class='ocrx_word' id='word_1_4' title='bbox 299 740 345 790; x_wconf 86' lang='lat' dir='ltr'>aut</span> <span class='ocrx_word' id='word_1_5' title='bbox 359 741 466 790; x_wconf 86' lang='lat' dir='ltr'>nostrus</span> <span class='ocrx_word' id='word_1_6' title='bbox 480 731 597 788; x_wconf 88' lang='lat' dir='ltr'>humero</span> <span class='ocrx_word' id='word_1_7' title='bbox 612 728 732 803; x_wconf 83' lang='lat' dir='ltr'>gessisse</span> <span class='ocrx_word' id='word_1_8' title='bbox 746 725 897 804; x_wconf 74' lang='lat' dir='ltr'><strong>pharetras.</strong></span> 
     </span>
     <span class='ocr_line' id='line_1_3' title="bbox 168 804 861 881; baseline -0.013 -11"><span class='ocrx_word' id='word_1_9' title='bbox 168 813 236 870; x_wconf 94' lang='lat' dir='ltr'>Non</span> <span class='ocrx_word' id='word_1_10' title='bbox 250 821 343 868; x_wconf 85' lang='lat' dir='ltr'>tamen</span> <span class='ocrx_word' id='word_1_11' title='bbox 358 810 519 866; x_wconf 85' lang='lat' dir='ltr'>indecorem</span> <span class='ocrx_word' id='word_1_12' title='bbox 536 817 622 866; x_wconf 89' lang='lat' dir='ltr'>tuate</span> <span class='ocrx_word' id='word_1_13' title='bbox 637 807 734 881; x_wconf 87' lang='lat' dir='ltr'>regina</span> <span class='ocrx_word' id='word_1_14' title='bbox 748 804 861 879; x_wconf 91' lang='lat' dir='ltr'>reliquit</span> 
     </span>
     <span class='ocr_line' id='line_1_4' title="bbox 169 880 1026 965; baseline -0.009 -19"><span class='ocrx_word' id='word_1_15' title='bbox 169 889 307 948; x_wconf 75' lang='lat' dir='ltr'>Extremi</span> <span class='ocrx_word' id='word_1_16' title='bbox 315 891 375 965; x_wconf 86' lang='lat' dir='ltr'>jam</span> <span class='ocrx_word' id='word_1_17' title='bbox 389 887 417 944; x_wconf 90' lang='lat' dir='ltr'>in</span> <span class='ocrx_word' id='word_1_18' title='bbox 433 898 539 944; x_wconf 88' lang='lat' dir='ltr'>morte:</span> <span class='ocrx_word' id='word_1_19' title='bbox 561 903 654 960; x_wconf 89' lang='lat' dir='ltr'>neque</span> <span class='ocrx_word' id='word_1_20' title='bbox 669 885 722 941; x_wconf 90' lang='lat' dir='ltr'>hoe</span> <span class='ocrx_word' id='word_1_21' title='bbox 736 884 797 940; x_wconf 84' lang='lat' dir='ltr'>siue</span> <span class='ocrx_word' id='word_1_22' title='bbox 810 883 926 940; x_wconf 89' lang='lat' dir='ltr'>nomine</span> <span class='ocrx_word' id='word_1_23' title='bbox 938 880 1026 938; x_wconf 86' lang='lat' dir='ltr'>latum</span> 
     </span>
     <span class='ocr_line' id='line_1_5' title="bbox 169 960 837 1042; baseline -0.013 -17"><span class='ocrx_word' id='word_1_24' title='bbox 169 969 225 1026; x_wconf 87' lang='lat' dir='ltr'>Per</span> <span class='ocrx_word' id='word_1_25' title='bbox 238 974 335 1042; x_wconf 79' lang='lat' dir='ltr'>gentes</span> <span class='ocrx_word' id='word_1_26' title='bbox 350 965 411 1040; x_wconf 85' lang='lat' dir='ltr'>erit,</span> <span class='ocrx_word' id='word_1_27' title='bbox 426 978 474 1022; x_wconf 89' lang='lat' dir='ltr'>aut</span> <span class='ocrx_word' id='word_1_28' title='bbox 487 965 590 1021; x_wconf 90' lang='lat' dir='ltr'>samam</span> <span class='ocrx_word' id='word_1_29' title='bbox 603 961 717 1038; x_wconf 63' lang='lat' dir='ltr'>patieris</span> <span class='ocrx_word' id='word_1_30' title='bbox 730 960 837 1018; x_wconf 72' lang='lat' dir='ltr'>inulte.</span> 
     </span>
    </p>

    <p class='ocr_par' dir='ltr' id='par_1_3' title="bbox 169 1039 999 1356">
     <span class='ocr_line' id='line_1_6' title="bbox 169 1039 999 1119; baseline -0.012 -16"><span class='ocrx_word' id='word_1_31' title='bbox 169 1047 199 1104; x_wconf 91' lang='lat' dir='ltr'>N</span> <span class='ocrx_word' id='word_1_32' title='bbox 202 1065 245 1102; x_wconf 89' lang='lat' dir='ltr'>am</span> <span class='ocrx_word' id='word_1_33' title='bbox 260 1045 431 1119; x_wconf 85' lang='lat' dir='ltr'>quicumque</span> <span class='ocrx_word' id='word_1_34' title='bbox 446 1051 526 1100; x_wconf 92' lang='lat' dir='ltr'>tuum</span> <span class='ocrx_word' id='word_1_35' title='bbox 539 1040 656 1098; x_wconf 87' lang='lat' dir='ltr'>violavit</span> <span class='ocrx_word' id='word_1_36' title='bbox 668 1039 785 1097; x_wconf 87' lang='lat' dir='ltr'>vulnere</span> <span class='ocrx_word' id='word_1_37' title='bbox 798 1055 909 1115; x_wconf 87' lang='lat' dir='ltr'>corpus,</span> <span class='ocrx_word' id='word_1_38' title='bbox 995 1053 999 1074; x_wconf 71' lang='lat'>²</span> 
     </span>
     <span class='ocr_line' id='line_1_7' title="bbox 170 1115 926 1194; baseline -0.009 -14"><span class='ocrx_word' id='word_1_39' title='bbox 170 1123 264 1180; x_wconf 85' lang='lat' dir='ltr'>Morte</span> <span class='ocrx_word' id='word_1_40' title='bbox 277 1123 337 1179; x_wconf 90' lang='lat' dir='ltr'>luet</span> <span class='ocrx_word' id='word_1_41' title='bbox 349 1121 456 1178; x_wconf 73' lang='lat' dir='ltr'>meriti.</span> <span class='ocrx_word' id='word_1_42' title='bbox 498 1120 566 1177; x_wconf 84' lang='lat' dir='ltr'>Fuit</span> <span class='ocrx_word' id='word_1_43' title='bbox 578 1118 680 1194; x_wconf 89' lang='lat' dir='ltr'>ingens</span> <span class='ocrx_word' id='word_1_44' title='bbox 693 1125 789 1175; x_wconf 91' lang='lat' dir='ltr'>monte</span> <span class='ocrx_word' id='word_1_45' title='bbox 803 1117 858 1174; x_wconf 75' lang='lat' dir='ltr'>sub·</span> <span class='ocrx_word' id='word_1_46' title='bbox 870 1115 926 1173; x_wconf 88' lang='lat' dir='ltr'>alto</span> 
     </span>
     <span class='ocr_line' id='line_1_8' title="bbox 171 1195 833 1275; baseline -0.011 -16"><span class='ocrx_word' id='word_1_47' title='bbox 171 1202 258 1275; x_wconf 86' lang='lat' dir='ltr'>Regis</span> <span class='ocrx_word' id='word_1_48' title='bbox 272 1198 417 1258; x_wconf 82' lang='lat' dir='ltr'>Dercenni</span> <span class='ocrx_word' id='word_1_49' title='bbox 431 1206 541 1255; x_wconf 88' lang='lat' dir='ltr'>terreno</span> <span class='ocrx_word' id='word_1_50' title='bbox 555 1215 592 1254; x_wconf 86' lang='lat' dir='ltr'>ex</span> <span class='ocrx_word' id='word_1_51' title='bbox 606 1214 706 1272; x_wconf 85' lang='lat' dir='ltr'>aggere</span> <span class='ocrx_word' id='word_1_52' title='bbox 720 1195 833 1254; x_wconf 89' lang='lat' dir='ltr'>bustum</span> 
     </span>
     <span class='ocr_line' id='line_1_9' title="bbox 171 1275 835 1356; baseline -0.009 -19"><span class='ocrx_word' id='word_1_53' title='bbox 171 1279 288 1356; x_wconf 81' lang='lat' dir='ltr'>Antiqui</span> <span class='ocrx_word' id='word_1_54' title='bbox 301 1277 460 1350; x_wconf 86' lang='lat' dir='ltr'>Laurentis,</span> <span class='ocrx_word' id='word_1_55' title='bbox 475 1276 619 1352; x_wconf 71' lang='lat' dir='ltr'>opacisque</span> <span class='ocrx_word' id='word_1_56' title='bbox 633 1275 697 1332; x_wconf 91' lang='lat' dir='ltr'>ilice</span> <span class='ocrx_word' id='word_1_57' title='bbox 711 1282 835 1332; x_wconf 88' lang='lat' dir='ltr'>tectum:</span> 
     </span>
    </p>

    <p class='ocr_par' dir='ltr' id='par_1_4' title="bbox 172 1350 891 1508">
     <span class='ocr_line' id='line_1_10' title="bbox 172 1350 869 1432; baseline -0.006 -18"><span class='ocrx_word' id='word_1_58' title='bbox 172 1357 229 1414; x_wconf 88' lang='lat' dir='ltr'>llic</span> <span class='ocrx_word' id='word_1_59' title='bbox 244 1357 298 1414; x_wconf 88' lang='lat' dir='ltr'>dea</span> <span class='ocrx_word' id='word_1_60' title='bbox 310 1374 340 1412; x_wconf 88' lang='lat' dir='ltr'>se</span> <span class='ocrx_word' id='word_1_61' title='bbox 354 1350 477 1432; x_wconf 80' lang='lat' dir='ltr'>primirm</span> <span class='ocrx_word' id='word_1_62' title='bbox 491 1354 588 1430; x_wconf 88' lang='lat' dir='ltr'>rapido</span> <span class='ocrx_word' id='word_1_63' title='bbox 601 1352 792 1430; x_wconf 82' lang='lat' dir='ltr'>pulcherrima</span> <span class='ocrx_word' id='word_1_64' title='bbox 804 1352 869 1410; x_wconf 92' lang='lat' dir='ltr'>nisu</span> 
     </span>
     <span class='ocr_line' id='line_1_11' title="bbox 174 1429 891 1508; baseline -0.007 -16"><span class='ocrx_word' id='word_1_65' title='bbox 174 1436 261 1508; x_wconf 85' lang='lat' dir='ltr'>Sistit,</span> <span class='ocrx_word' id='word_1_66' title='bbox 276 1442 304 1491; x_wconf 90' lang='lat' dir='ltr'>et</span> <span class='ocrx_word' id='word_1_67' title='bbox 317 1435 469 1490; x_wconf 81' lang='lat' dir='ltr'>Arruntem</span> <span class='ocrx_word' id='word_1_68' title='bbox 483 1431 591 1491; x_wconf 89' lang='lat' dir='ltr'>tumulo</span> <span class='ocrx_word' id='word_1_69' title='bbox 605 1431 765 1508; x_wconf 83' lang='lat' dir='ltr'>speculatur</span> <span class='ocrx_word' id='word_1_70' title='bbox 779 1429 813 1487; x_wconf 89' lang='lat' dir='ltr'>ab</span> <span class='ocrx_word' id='word_1_71' title='bbox 827 1430 891 1488; x_wconf 90' lang='lat' dir='ltr'>alto.</span> 
     </span>
    </p>

    <p class='ocr_par' dir='ltr' id='par_1_5' title="bbox 173 1511 881 1587">
     <span class='ocr_line' id='line_1_12' title="bbox 173 1511 881 1587; baseline -0.001 -19"><span class='ocrx_word' id='word_1_72' title='bbox 173 1514 214 1572; x_wconf 86' lang='lat' dir='ltr'>Ut</span> <span class='ocrx_word' id='word_1_73' title='bbox 227 1513 297 1570; x_wconf 91' lang='lat' dir='ltr'>vidit</span> <span class='ocrx_word' id='word_1_74' title='bbox 309 1511 464 1587; x_wconf 84' lang='lat' dir='ltr'>fulgentem</span> <span class='ocrx_word' id='word_1_75' title='bbox 479 1512 564 1568; x_wconf 87' lang='lat' dir='ltr'>armis</span> <span class='ocrx_word' id='word_1_76' title='bbox 576 1529 609 1568; x_wconf 88' lang='lat' dir='ltr'>ac</span> <span class='ocrx_word' id='word_1_77' title='bbox 621 1529 695 1568; x_wconf 89' lang='lat' dir='ltr'>vana</span> <span class='ocrx_word' id='word_1_78' title='bbox 708 1516 881 1567; x_wconf 87' lang='lat' dir='ltr'>tumentem:</span> 
     </span>
    </p>

    <p class='ocr_par' dir='ltr' id='par_1_6' title="bbox 174 1588 918 1823">
     <span class='ocr_line' id='line_1_13' title="bbox 174 1588 918 1667; baseline -0.005 -19"><span class='ocrx_word' id='word_1_79' title='bbox 174 1594 241 1666; x_wconf 83' lang='lat' dir='ltr'>Cur,</span> <span class='ocrx_word' id='word_1_80' title='bbox 255 1590 353 1667; x_wconf 76' lang='lat' dir='ltr'>inquit,</span> <span class='ocrx_word' id='word_1_81' title='bbox 367 1590 493 1648; x_wconf 85' lang='lat' dir='ltr'>diversus</span> <span class='ocrx_word' id='word_1_82' title='bbox 509 1589 590 1647; x_wconf 85' lang='lat' dir='ltr'>abis?</span> <span class='ocrx_word' id='word_1_83' title='bbox 610 1588 666 1646; x_wconf 88' lang='lat' dir='ltr'>lruc</span> <span class='ocrx_word' id='word_1_84' title='bbox 680 1588 769 1664; x_wconf 82' lang='lat' dir='ltr'>dirige</span> <span class='ocrx_word' id='word_1_85' title='bbox 783 1606 918 1663; x_wconf 84' lang='lat' dir='ltr'>gressum,</span> 
     </span>
     <span class='ocr_line' id='line_1_14' title="bbox 175 1667 874 1745; baseline -0.003 -19"><span class='ocrx_word' id='word_1_86' title='bbox 175 1671 241 1726; x_wconf 86' lang='lat' dir='ltr'>Hue</span> <span class='ocrx_word' id='word_1_87' title='bbox 255 1669 377 1745; x_wconf 90' lang='lat' dir='ltr'>periture</span> <span class='ocrx_word' id='word_1_88' title='bbox 389 1668 474 1726; x_wconf 86' lang='lat' dir='ltr'>veni:</span> <span class='ocrx_word' id='word_1_89' title='bbox 496 1669 589 1744; x_wconf 88' lang='lat' dir='ltr'>capias</span> <span class='ocrx_word' id='word_1_90' title='bbox 603 1676 634 1726; x_wconf 96' lang='lat' dir='ltr'>ut</span> <span class='ocrx_word' id='word_1_91' title='bbox 647 1667 732 1742; x_wconf 89' lang='lat' dir='ltr'>digna</span> <span class='ocrx_word' id='word_1_92' title='bbox 746 1667 874 1724; x_wconf 80' lang='lat' dir='ltr'>Camillae</span> 
     </span>
     <span class='ocr_line' id='line_1_15' title="bbox 174 1743 837 1823; baseline -0.006 -18"><span class='ocrx_word' id='word_1_93' title='bbox 174 1747 303 1822; x_wconf 76' lang='lat' dir='ltr'>Praemia,</span> <span class='ocrx_word' id='word_1_94' title='bbox 317 1757 403 1823; x_wconf 88' lang='lat' dir='ltr'>tuque</span> <span class='ocrx_word' id='word_1_95' title='bbox 417 1747 501 1804; x_wconf 90' lang='lat' dir='ltr'>etiam</span> <span class='ocrx_word' id='word_1_96' title='bbox 516 1746 579 1804; x_wconf 89' lang='lat' dir='ltr'>telis</span> <span class='ocrx_word' id='word_1_97' title='bbox 593 1743 712 1804; x_wconf 66' lang='lat' dir='ltr'>moriere</span> <span class='ocrx_word' id='word_1_98' title='bbox 726 1745 837 1804; x_wconf 82' lang='lat' dir='ltr'>Dianae.</span> 
     </span>
    </p>

    <p class='ocr_par' dir='ltr' id='par_1_7' title="bbox 175 1823 931 2057">
     <span class='ocr_line' id='line_1_16' title="bbox 175 1823 864 1899; baseline -0.003 -17"><span class='ocrx_word' id='word_1_99' title='bbox 175 1827 265 1899; x_wconf 87' lang='lat' dir='ltr'>Dixit,</span> <span class='ocrx_word' id='word_1_100' title='bbox 280 1835 308 1884; x_wconf 90' lang='lat' dir='ltr'>et</span> <span class='ocrx_word' id='word_1_101' title='bbox 321 1827 416 1883; x_wconf 68' lang='lat' dir='ltr'>aurata</span> <span class='ocrx_word' id='word_1_102' title='bbox 429 1826 573 1882; x_wconf 84' lang='lat' dir='ltr'>volucrem</span> <span class='ocrx_word' id='word_1_103' title='bbox 587 1823 723 1882; x_wconf 83' lang='lat' dir='ltr'>Threissa</span> <span class='ocrx_word' id='word_1_104' title='bbox 736 1823 864 1899; x_wconf 85' lang='lat' dir='ltr'>sagittam</span> 
     </span>
     <span class='ocr_line' id='line_1_17' title="bbox 176 1901 931 1981; baseline -0.004 -20"><span class='ocrx_word' id='word_1_105' title='bbox 176 1905 357 1981; x_wconf 89' lang='lat' dir='ltr'>Deprompsit</span> <span class='ocrx_word' id='word_1_106' title='bbox 370 1903 508 1980; x_wconf 72' lang='lat' dir='ltr'>pharensi,</span> <span class='ocrx_word' id='word_1_107' title='bbox 523 1905 667 1978; x_wconf 88' lang='lat' dir='ltr'>eomuque</span> <span class='ocrx_word' id='word_1_108' title='bbox 681 1901 790 1959; x_wconf 81' lang='lat' dir='ltr'>infensa</span> <span class='ocrx_word' id='word_1_109' title='bbox 803 1901 931 1976; x_wconf 76' lang='lat' dir='ltr'>tetendit,</span> 
     </span>
     <span class='ocr_line' id='line_1_18' title="bbox 177 1979 771 2057; baseline -0.002 -18"><span class='ocrx_word' id='word_1_110' title='bbox 177 1984 216 2040; x_wconf 83' lang='lat' dir='ltr'>Et</span> <span class='ocrx_word' id='word_1_111' title='bbox 229 1982 309 2041; x_wconf 81' lang='lat' dir='ltr'>duxit</span> <span class='ocrx_word' id='word_1_112' title='bbox 321 1979 414 2057; x_wconf 68' lang='lat' dir='ltr'>longe,</span> <span class='ocrx_word' id='word_1_113' title='bbox 429 1983 520 2040; x_wconf 89' lang='lat' dir='ltr'>donee</span> <span class='ocrx_word' id='word_1_114' title='bbox 535 1989 650 2039; x_wconf 88' lang='lat' dir='ltr'>curvata</span> <span class='ocrx_word' id='word_1_115' title='bbox 663 1981 771 2038; x_wconf 88' lang='lat' dir='ltr'>coirent</span> 
     </span>
    </p>

    <p class='ocr_par' dir='ltr' id='par_1_8' title="bbox 177 2055 916 2296">
     <span class='ocr_line' id='line_1_19' title="bbox 177 2055 916 2138; baseline -0.004 -20"><span class='ocrx_word' id='word_1_116' title='bbox 177 2062 253 2118; x_wconf 90' lang='lat' dir='ltr'>Inter</span> <span class='ocrx_word' id='word_1_117' title='bbox 266 2079 296 2118; x_wconf 89' lang='lat' dir='ltr'>se</span> <span class='ocrx_word' id='word_1_118' title='bbox 309 2061 410 2138; x_wconf 88' lang='lat' dir='ltr'>capita,</span> <span class='ocrx_word' id='word_1_119' title='bbox 424 2069 453 2118; x_wconf 92' lang='lat' dir='ltr'>et</span> <span class='ocrx_word' id='word_1_120' title='bbox 465 2060 595 2118; x_wconf 87' lang='lat' dir='ltr'>manibus</span> <span class='ocrx_word' id='word_1_121' title='bbox 605 2061 666 2137; x_wconf 88' lang='lat' dir='ltr'>jam</span> <span class='ocrx_word' id='word_1_122' title='bbox 680 2065 807 2134; x_wconf 87' lang='lat' dir='ltr'>tangeret</span> <span class='ocrx_word' id='word_1_123' title='bbox 819 2055 916 2134; x_wconf 71' lang='lat' dir='ltr'>aequis,</span> 
     </span>
     <span class='ocr_line' id='line_1_20' title="bbox 177 2136 878 2214; baseline -0.004 -18"><span class='ocrx_word' id='word_1_124' title='bbox 177 2141 263 2196; x_wconf 75' lang='lat' dir='ltr'>Laeva</span> <span class='ocrx_word' id='word_1_125' title='bbox 277 2140 366 2197; x_wconf 88' lang='lat' dir='ltr'>aciem</span> <span class='ocrx_word' id='word_1_126' title='bbox 380 2139 453 2213; x_wconf 79' lang='lat' dir='ltr'>ferri,</span> <span class='ocrx_word' id='word_1_127' title='bbox 468 2139 566 2196; x_wconf 73' lang='lat' dir='ltr'>dextri</span> <span class='ocrx_word' id='word_1_128' title='bbox 579 2157 722 2213; x_wconf 89' lang='lat' dir='ltr'>nervoque</span> <span class='ocrx_word' id='word_1_129' title='bbox 735 2136 878 2214; x_wconf 88' lang='lat' dir='ltr'>papillam.</span> 
     </span>
     <span class='ocr_line' id='line_1_21' title="bbox 178 2213 847 2296; baseline -0.001 -21"><span class='ocrx_word' id='word_1_130' title='bbox 178 2213 330 2296; x_wconf 83' lang='lat' dir='ltr'>Extemplo</span> <span class='ocrx_word' id='word_1_131' title='bbox 344 2217 392 2276; x_wconf 89' lang='lat' dir='ltr'>teli</span> <span class='ocrx_word' id='word_1_132' title='bbox 406 2218 551 2275; x_wconf 89' lang='lat' dir='ltr'>stridorem</span> <span class='ocrx_word' id='word_1_133' title='bbox 566 2236 702 2293; x_wconf 90' lang='lat' dir='ltr'>aurasque</span> <span class='ocrx_word' id='word_1_134' title='bbox 716 2223 847 2274; x_wconf 89' lang='lat' dir='ltr'>sonantes</span> 
     </span>
    </p>

    <p class='ocr_par' dir='ltr' id='par_1_9' title="bbox 177 2293 967 2607">
     <span class='ocr_line' id='line_1_22' title="bbox 177 2293 967 2372; baseline -0.008 -18"><span class='ocrx_word' id='word_1_135' title='bbox 177 2297 276 2354; x_wconf 81' lang='lat' dir='ltr'>Audiit</span> <span class='ocrx_word' id='word_1_136' title='bbox 288 2296 345 2354; x_wconf 71' lang='lat' dir='ltr'>uni</span> <span class='ocrx_word' id='word_1_137' title='bbox 358 2297 475 2370; x_wconf 88' lang='lat' dir='ltr'>Arruns,</span> <span class='ocrx_word' id='word_1_138' title='bbox 489 2295 628 2372; x_wconf 81' lang='lat' dir='ltr'>haesitque</span> <span class='ocrx_word' id='word_1_139' title='bbox 642 2295 671 2351; x_wconf 94' lang='lat' dir='ltr'>in</span> <span class='ocrx_word' id='word_1_140' title='bbox 686 2313 802 2372; x_wconf 85' lang='lat' dir='ltr'>corpore</span> <span class='ocrx_word' id='word_1_141' title='bbox 816 2293 928 2352; x_wconf 88' lang='lat' dir='ltr'>sermm.</span> <span class='ocrx_word' id='word_1_142' title='bbox 964 2334 967 2348; x_wconf 87' lang='lat'>.</span> 
     </span>
     <span class='ocr_line' id='line_1_23' title="bbox 179 2375 963 2451; baseline -0.003 -19"><span class='ocrx_word' id='word_1_143' title='bbox 179 2376 263 2432; x_wconf 92' lang='lat' dir='ltr'>lllum</span> <span class='ocrx_word' id='word_1_144' title='bbox 278 2375 465 2451; x_wconf 84' lang='lat' dir='ltr'>exspirantem</span> <span class='ocrx_word' id='word_1_145' title='bbox 481 2375 550 2430; x_wconf 92' lang='lat' dir='ltr'>socii</span> <span class='ocrx_word' id='word_1_146' title='bbox 564 2382 648 2450; x_wconf 89' lang='lat' dir='ltr'>atque</span> <span class='ocrx_word' id='word_1_147' title='bbox 662 2382 789 2432; x_wconf 84' lang='lat' dir='ltr'>extrema</span> <span class='ocrx_word' id='word_1_148' title='bbox 802 2382 963 2449; x_wconf 88' lang='lat' dir='ltr'>gementem</span> 
     </span>
     <span class='ocr_line' id='line_1_24' title="bbox 179 2452 887 2529; baseline 0 -19"><span class='ocrx_word' id='word_1_149' title='bbox 179 2453 266 2510; x_wconf 90' lang='lat' dir='ltr'>Obliti</span> <span class='ocrx_word' id='word_1_150' title='bbox 282 2453 375 2528; x_wconf 85' lang='lat' dir='ltr'>ignoto</span> <span class='ocrx_word' id='word_1_151' title='bbox 390 2471 552 2527; x_wconf 87' lang='lat' dir='ltr'>camporum</span> <span class='ocrx_word' id='word_1_152' title='bbox 566 2452 595 2508; x_wconf 92' lang='lat' dir='ltr'>in</span> <span class='ocrx_word' id='word_1_153' title='bbox 608 2453 725 2529; x_wconf 89' lang='lat' dir='ltr'>pulvere</span> <span class='ocrx_word' id='word_1_154' title='bbox 738 2452 887 2528; x_wconf 90' lang='lat' dir='ltr'>linquunt:</span> 
     </span>
     <span class='ocr_line' id='line_1_25' title="bbox 180 2530 886 2607; baseline -0.001 -19"><span class='ocrx_word' id='word_1_155' title='bbox 180 2532 250 2607; x_wconf 91' lang='lat' dir='ltr'>Opis</span> <span class='ocrx_word' id='word_1_156' title='bbox 264 2531 299 2588; x_wconf 86' lang='lat' dir='ltr'>ad</span> <span class='ocrx_word' id='word_1_157' title='bbox 313 2531 458 2588; x_wconf 62' lang='lat' dir='ltr'>{etherium</span> <span class='ocrx_word' id='word_1_158' title='bbox 472 2530 573 2606; x_wconf 89' lang='lat' dir='ltr'>pennis</span> <span class='ocrx_word' id='word_1_159' title='bbox 587 2530 709 2588; x_wconf 80' lang='lat' dir='ltr'>aufertur</span> <span class='ocrx_word' id='word_1_160' title='bbox 723 2530 886 2607; x_wconf 89' lang='lat' dir='ltr'>Olympum.</span> 
     </span>
    </p>

    <p class='ocr_par' dir='ltr' id='par_1_10' title="bbox 180 2607 1183 2922">
     <span class='ocr_line' id='line_1_26' title="bbox 217 2607 963 2684; baseline 0.001 -19"><span class='ocrx_word' id='word_1_161' title='bbox 217 2608 312 2666; x_wconf 78' lang='lat' dir='ltr'>Prima</span> <span class='ocrx_word' id='word_1_162' title='bbox 324 2609 403 2684; x_wconf 85' lang='lat' dir='ltr'>fugit,</span> <span class='ocrx_word' id='word_1_163' title='bbox 416 2609 529 2665; x_wconf 75' lang='lat' dir='ltr'>domina</span> <span class='ocrx_word' id='word_1_164' title='bbox 545 2609 657 2675; x_wconf 70' lang='lat' dir='ltr'>amissi,</span> <span class='ocrx_word' id='word_1_165' title='bbox 672 2607 743 2666; x_wconf 92' lang='lat' dir='ltr'>levis</span> <span class='ocrx_word' id='word_1_166' title='bbox 757 2607 801 2666; x_wconf 90' lang='lat' dir='ltr'>ala</span> <span class='ocrx_word' id='word_1_167' title='bbox 814 2609 963 2680; x_wconf 85' lang='lat' dir='ltr'>Camillae;</span> 
     </span>
     <span class='ocr_line' id='line_1_27' title="bbox 180 2687 855 2763; baseline 0.001 -19"><span class='ocrx_word' id='word_1_168' title='bbox 180 2687 297 2745; x_wconf 87' lang='lat' dir='ltr'>Turbati</span> <span class='ocrx_word' id='word_1_169' title='bbox 310 2687 420 2762; x_wconf 81' lang='lat' dir='ltr'>lugiunt</span> <span class='ocrx_word' id='word_1_170' title='bbox 432 2687 533 2745; x_wconf 90' lang='lat' dir='ltr'>Rutuli</span> <span class='ocrx_word' id='word_1_171' title='bbox 544 2706 551 2758; x_wconf 83' lang='lat'>3</span> <span class='ocrx_word' id='word_1_172' title='bbox 573 2687 645 2763; x_wconf 84' lang='lat' dir='ltr'>sugit</span> <span class='ocrx_word' id='word_1_173' title='bbox 659 2705 723 2744; x_wconf 87' lang='lat' dir='ltr'>acer</span> <span class='ocrx_word' id='word_1_174' title='bbox 735 2688 836 2745; x_wconf 89' lang='lat' dir='ltr'>Atinas</span> <span class='ocrx_word' id='word_1_175' title='bbox 847 2707 855 2761; x_wconf 88' lang='lat'>;</span> 
     </span>
     <span class='ocr_line' id='line_1_28' title="bbox 181 2767 1183 2844; baseline -0.004 -20"><span class='ocrx_word' id='word_1_176' title='bbox 181 2767 355 2844; x_wconf 86' lang='lat' dir='ltr'>Disjectique</span> <span class='ocrx_word' id='word_1_177' title='bbox 369 2767 454 2824; x_wconf 92' lang='lat' dir='ltr'>duces</span> <span class='ocrx_word' id='word_1_178' title='bbox 468 2767 640 2844; x_wconf 88' lang='lat' dir='ltr'>desolatique</span> <span class='ocrx_word' id='word_1_179' title='bbox 656 2767 772 2844; x_wconf 81' lang='lat' dir='ltr'>manipli</span> <span class='ocrx_word' id='word_1_180' title='bbox 887 2789 890 2798; x_wconf 30' lang='grc' dir='ltr'><strong>Δ</strong></span> <span class='ocrx_word' id='word_1_181' title='bbox 1080 2768 1137 2822; x_wconf 76' lang='grc'>870</span> <span class='ocrx_word' id='word_1_182' title='bbox 1181 2769 1183 2774; x_wconf 85' lang='grc'><strong>“</strong></span> 
     </span>
     <span class='ocr_line' id='line_1_29' title="bbox 180 2845 921 2922; baseline 0 -20"><span class='ocrx_word' id='word_1_183' title='bbox 180 2846 255 2903; x_wconf 84' lang='lat' dir='ltr'>Tuta</span> <span class='ocrx_word' id='word_1_184' title='bbox 267 2855 374 2922; x_wconf 84' lang='lat' dir='ltr'>petunt,</span> <span class='ocrx_word' id='word_1_185' title='bbox 390 2854 417 2904; x_wconf 90' lang='lat' dir='ltr'>et</span> <span class='ocrx_word' id='word_1_186' title='bbox 431 2845 509 2922; x_wconf 87' lang='lat' dir='ltr'>equis</span> <span class='ocrx_word' id='word_1_187' title='bbox 523 2846 613 2903; x_wconf 89' lang='lat' dir='ltr'>aversi</span> <span class='ocrx_word' id='word_1_188' title='bbox 627 2847 661 2902; x_wconf 91' lang='lat' dir='ltr'>ad</span> <span class='ocrx_word' id='word_1_189' title='bbox 677 2846 781 2902; x_wconf 86' lang='lat' dir='ltr'>moeuia</span> <span class='ocrx_word' id='word_1_190' title='bbox 793 2847 921 2904; x_wconf 88' lang='lat' dir='ltr'>tendunt.</span> 
     </span>
    </p>

    <p class='ocr_par' dir='ltr' id='par_1_11' title="bbox 181 2924 985 3082">
     <span class='ocr_line' id='line_1_30' title="bbox 181 2924 985 3002; baseline 0.002 -23"><span class='ocrx_word' id='word_1_191' title='bbox 181 2924 242 2982; x_wconf 87' lang='lat' dir='ltr'>Nee</span> <span class='ocrx_word' id='word_1_192' title='bbox 257 2925 404 3001; x_wconf 89' lang='lat' dir='ltr'>quisquam</span> <span class='ocrx_word' id='word_1_193' title='bbox 418 2925 552 2984; x_wconf 87' lang='lat' dir='ltr'>instantes</span> <span class='ocrx_word' id='word_1_194' title='bbox 566 2925 694 2982; x_wconf 89' lang='lat' dir='ltr'>Teucros</span> <span class='ocrx_word' id='word_1_195' title='bbox 707 2924 851 3002; x_wconf 89' lang='lat' dir='ltr'>letumque</span> <span class='ocrx_word' id='word_1_196' title='bbox 864 2925 985 2984; x_wconf 84' lang='lat' dir='ltr'>serentes</span> 
     </span>
     <span class='ocr_line' id='line_1_31' title="bbox 183 3002 818 3082; baseline 0.002 -23"><span class='ocrx_word' id='word_1_197' title='bbox 183 3004 343 3062; x_wconf 89' lang='lat' dir='ltr'>Sustentare</span> <span class='ocrx_word' id='word_1_198' title='bbox 357 3004 431 3062; x_wconf 89' lang='lat' dir='ltr'>valet</span> <span class='ocrx_word' id='word_1_199' title='bbox 444 3005 516 3079; x_wconf 89' lang='lat' dir='ltr'>telis,</span> <span class='ocrx_word' id='word_1_200' title='bbox 532 3012 579 3062; x_wconf 87' lang='lat' dir='ltr'>aut</span> <span class='ocrx_word' id='word_1_201' title='bbox 593 3004 690 3082; x_wconf 81' lang='lat' dir='ltr'>sistere</span> <span class='ocrx_word' id='word_1_202' title='bbox 705 3002 818 3076; x_wconf 76' lang='lat' dir='ltr'>contria3</span> 
     </span>
    </p>

    <p class='ocr_par' dir='ltr' id='par_1_12' title="bbox 156 3083 1138 3315">
     <span class='ocr_line' id='line_1_32' title="bbox 156 3083 929 3159; baseline 0.004 -21"><span class='ocrx_word' id='word_1_203' title='bbox 156 3115 157 3118; x_wconf 60' lang='lat'><em>=</em></span> <span class='ocrx_word' id='word_1_204' title='bbox 184 3083 239 3139; x_wconf 81' lang='lat' dir='ltr'>Sed</span> <span class='ocrx_word' id='word_1_205' title='bbox 254 3084 332 3140; x_wconf 81' lang='lat' dir='ltr'>laxos</span> <span class='ocrx_word' id='word_1_206' title='bbox 347 3083 469 3140; x_wconf 81' lang='lat' dir='ltr'>referunt</span> <span class='ocrx_word' id='word_1_207' title='bbox 482 3083 606 3141; x_wconf 87' lang='lat' dir='ltr'>humeris</span> <span class='ocrx_word' id='word_1_208' title='bbox 615 3083 817 3159; x_wconf 26' lang='lat' dir='ltr'>&#39;languentibus</span> <span class='ocrx_word' id='word_1_209' title='bbox 831 3101 929 3154; x_wconf 88' lang='lat' dir='ltr'>areus;</span> 
     </span>
     <span class='ocr_line' id='line_1_33' title="bbox 184 3159 1138 3238; baseline -0.006 -21"><span class='ocrx_word' id='word_1_210' title='bbox 184 3161 460 3237; x_wconf 61' lang='lat' dir='ltr'>quadrupedumque</span> <span class='ocrx_word' id='word_1_211' title='bbox 472 3172 582 3238; x_wconf 92' lang='lat' dir='ltr'>putrem</span> <span class='ocrx_word' id='word_1_212' title='bbox 597 3181 680 3219; x_wconf 91' lang='lat' dir='ltr'>cursu</span> <span class='ocrx_word' id='word_1_213' title='bbox 695 3162 783 3237; x_wconf 90' lang='lat' dir='ltr'>quatit</span> <span class='ocrx_word' id='word_1_214' title='bbox 795 3161 902 3236; x_wconf 86' lang='lat' dir='ltr'>ungula</span> <span class='ocrx_word' id='word_1_215' title='bbox 915 3177 1057 3236; x_wconf 89' lang='lat' dir='ltr'>eampum.</span> <span class='ocrx_word' id='word_1_216' title='bbox 1082 3159 1138 3212; x_wconf 78' lang='lat'>875</span> 
     </span>
     <span class='ocr_line' id='line_1_34' title="bbox 186 3240 814 3315; baseline 0.002 -21"><span class='ocrx_word' id='word_1_217' title='bbox 186 3240 314 3296; x_wconf 84' lang='lat' dir='ltr'>Volvitur</span> <span class='ocrx_word' id='word_1_218' title='bbox 327 3240 361 3296; x_wconf 91' lang='lat' dir='ltr'>ad</span> <span class='ocrx_word' id='word_1_219' title='bbox 375 3259 469 3297; x_wconf 88' lang='lat' dir='ltr'>muros</span> <span class='ocrx_word' id='word_1_220' title='bbox 482 3241 602 3315; x_wconf 80' lang='lat' dir='ltr'>ealigine</span> <span class='ocrx_word' id='word_1_221' title='bbox 614 3240 742 3298; x_wconf 89' lang='lat' dir='ltr'>turbidus</span> <span class='ocrx_word' id='word_1_222' title='bbox 757 3241 814 3298; x_wconf 83' lang='lat' dir='ltr'>atui</span> 
     </span>
    </p>

    <p class='ocr_par' dir='ltr' id='par_1_13' title="bbox 184 3316 906 3395">
     <span class='ocr_line' id='line_1_35' title="bbox 184 3316 906 3395; baseline 0.001 -23"><span class='ocrx_word' id='word_1_223' title='bbox 184 3316 299 3388; x_wconf 79' lang='lat' dir='ltr'>Puluis3</span> <span class='ocrx_word' id='word_1_224' title='bbox 320 3325 349 3374; x_wconf 91' lang='lat' dir='ltr'>et</span> <span class='ocrx_word' id='word_1_225' title='bbox 362 3337 378 3374; x_wconf 91' lang='lat' dir='ltr'>e</span> <span class='ocrx_word' id='word_1_226' title='bbox 392 3319 512 3393; x_wconf 86' lang='lat' dir='ltr'>speculis</span> <span class='ocrx_word' id='word_1_227' title='bbox 525 3337 665 3395; x_wconf 85' lang='lat' dir='ltr'>pereussae</span> <span class='ocrx_word' id='word_1_228' title='bbox 679 3327 793 3392; x_wconf 85' lang='lat' dir='ltr'>pectora</span> <span class='ocrx_word' id='word_1_229' title='bbox 805 3324 906 3374; x_wconf 85' lang='lat' dir='ltr'>matres</span> 
     </span>
    </p>

    <p class='ocr_par' dir='ltr' id='par_1_14' title="bbox 184 3394 993 3473">
     <span class='ocr_line' id='line_1_36' title="bbox 184 3394 993 3473; baseline 0 -21"><span class='ocrx_word' id='word_1_230' title='bbox 184 3394 361 3452; x_wconf 87' lang='lat' dir='ltr'>Foemineum</span> <span class='ocrx_word' id='word_1_231' title='bbox 376 3396 524 3453; x_wconf 86' lang='lat' dir='ltr'>clamorem</span> <span class='ocrx_word' id='word_1_232' title='bbox 539 3398 574 3453; x_wconf 91' lang='lat' dir='ltr'>ad</span> <span class='ocrx_word' id='word_1_233' title='bbox 588 3396 652 3454; x_wconf 86' lang='lat' dir='ltr'>coeli</span> <span class='ocrx_word' id='word_1_234' title='bbox 666 3395 758 3452; x_wconf 86' lang='lat' dir='ltr'>sidera</span> <span class='ocrx_word' id='word_1_235' title='bbox 770 3395 878 3473; x_wconf 81' lang='lat' dir='ltr'>tollunt</span> <span class='ocrx_word' id='word_1_236' title='bbox 977 3399 993 3441; x_wconf 88' lang='lat'>·&#39;</span> 
     </span>
    </p>

    <p class='ocr_par' dir='ltr' id='par_1_15' title="bbox 186 3471 828 3550">
     <span class='ocr_line' id='line_1_37' title="bbox 186 3471 828 3550; baseline 0.002 -22"><span class='ocrx_word' id='word_1_237' title='bbox 186 3471 243 3539; x_wconf 79' lang='lat' dir='ltr'>Qui</span> <span class='ocrx_word' id='word_1_238' title='bbox 257 3491 336 3528; x_wconf 89' lang='lat' dir='ltr'>cursu</span> <span class='ocrx_word' id='word_1_239' title='bbox 351 3474 444 3547; x_wconf 86' lang='lat' dir='ltr'>portas</span> <span class='ocrx_word' id='word_1_240' title='bbox 457 3474 539 3550; x_wconf 91' lang='lat' dir='ltr'>primi</span> <span class='ocrx_word' id='word_1_241' title='bbox 553 3471 677 3550; x_wconf 70' lang='lat' dir='ltr'>irrupere</span> <span class='ocrx_word' id='word_1_242' title='bbox 691 3481 828 3549; x_wconf 87' lang='lat' dir='ltr'>patentes,</span> 
     </span>
    </p>

    <p class='ocr_par' dir='ltr' id='par_1_16' title="bbox 186 3549 1139 3784">
     <span class='ocr_line' id='line_1_38' title="bbox 186 3549 1139 3629; baseline 0.003 -24"><span class='ocrx_word' id='word_1_243' title='bbox 186 3551 247 3606; x_wconf 87' lang='lat' dir='ltr'>llos</span> <span class='ocrx_word' id='word_1_244' title='bbox 261 3549 374 3606; x_wconf 89' lang='lat' dir='ltr'>inimica</span> <span class='ocrx_word' id='word_1_245' title='bbox 388 3569 472 3626; x_wconf 90' lang='lat' dir='ltr'>super</span> <span class='ocrx_word' id='word_1_246' title='bbox 486 3553 573 3610; x_wconf 87' lang='lat' dir='ltr'>mixto</span> <span class='ocrx_word' id='word_1_247' title='bbox 587 3553 689 3629; x_wconf 89' lang='lat' dir='ltr'>premit</span> <span class='ocrx_word' id='word_1_248' title='bbox 703 3552 814 3626; x_wconf 88' lang='lat' dir='ltr'>agmine</span> <span class='ocrx_word' id='word_1_249' title='bbox 828 3552 927 3610; x_wconf 86' lang='lat' dir='ltr'>turba:</span> <span class='ocrx_word' id='word_1_250' title='bbox 1083 3557 1139 3611; x_wconf 83' lang='lat'>880</span> 
     </span>
     <span class='ocr_line' id='line_1_39' title="bbox 186 3627 1009 3707; baseline 0.002 -21"><span class='ocrx_word' id='word_1_251' title='bbox 186 3629 249 3686; x_wconf 89' lang='lat' dir='ltr'>Nec</span> <span class='ocrx_word' id='word_1_252' title='bbox 264 3627 394 3684; x_wconf 88' lang='lat' dir='ltr'>miseram</span> <span class='ocrx_word' id='word_1_253' title='bbox 409 3629 548 3704; x_wconf 85' lang='lat' dir='ltr'>effugiunt</span> <span class='ocrx_word' id='word_1_254' title='bbox 561 3638 678 3688; x_wconf 88' lang='lat' dir='ltr'>mortem</span> <span class='ocrx_word' id='word_1_255' title='bbox 691 3650 698 3700; x_wconf 93' lang='lat'>;</span> <span class='ocrx_word' id='word_1_256' title='bbox 720 3632 770 3688; x_wconf 90' lang='lat' dir='ltr'>sed</span> <span class='ocrx_word' id='word_1_257' title='bbox 783 3630 882 3692; x_wconf 88' lang='lat' dir='ltr'>limine</span> <span class='ocrx_word' id='word_1_258' title='bbox 895 3631 924 3688; x_wconf 92' lang='lat' dir='ltr'>in</span> <span class='ocrx_word' id='word_1_259' title='bbox 938 3631 1009 3707; x_wconf 86' lang='lat' dir='ltr'>ipso,</span> 
     </span>
     <span class='ocr_line' id='line_1_40' title="bbox 187 3706 914 3784; baseline 0.003 -20"><span class='ocrx_word' id='word_1_260' title='bbox 187 3706 330 3776; x_wconf 85' lang='lat' dir='ltr'>Moenibqs</span> <span class='ocrx_word' id='word_1_261' title='bbox 344 3707 372 3764; x_wconf 94' lang='lat' dir='ltr'>in</span> <span class='ocrx_word' id='word_1_262' title='bbox 386 3708 490 3783; x_wconf 86' lang='lat' dir='ltr'>patriis,</span> <span class='ocrx_word' id='word_1_263' title='bbox 506 3717 589 3784; x_wconf 89' lang='lat' dir='ltr'>atque</span> <span class='ocrx_word' id='word_1_264' title='bbox 603 3709 675 3766; x_wconf 89' lang='lat' dir='ltr'>iuter</span> <span class='ocrx_word' id='word_1_265' title='bbox 687 3719 746 3768; x_wconf 88' lang='lat' dir='ltr'>tuta</span> <span class='ocrx_word' id='word_1_266' title='bbox 760 3711 914 3784; x_wconf 88' lang='lat' dir='ltr'>domorum,</span> 
     </span>
    </p>

    <p class='ocr_par' dir='ltr' id='par_1_17' title="bbox 187 3786 960 3863">
     <span class='ocr_line' id='line_1_41' title="bbox 187 3786 960 3863; baseline 0.004 -20"><span class='ocrx_word' id='word_1_267' title='bbox 187 3786 301 3844; x_wconf 87' lang='lat' dir='ltr'>Confixi</span> <span class='ocrx_word' id='word_1_268' title='bbox 314 3787 456 3862; x_wconf 85' lang='lat' dir='ltr'>exspirant</span> <span class='ocrx_word' id='word_1_269' title='bbox 469 3787 583 3844; x_wconf 81' lang='lat' dir='ltr'>animas.</span> <span class='ocrx_word' id='word_1_270' title='bbox 624 3787 693 3845; x_wconf 90' lang='lat' dir='ltr'>Pars</span> <span class='ocrx_word' id='word_1_271' title='bbox 707 3788 836 3846; x_wconf 82' lang='lat' dir='ltr'>claudere</span> <span class='ocrx_word' id='word_1_272' title='bbox 849 3797 960 3863; x_wconf 85' lang='lat' dir='ltr'>portas;</span> 
     </span>
    </p>

    <p class='ocr_par' dir='ltr' id='par_1_18' title="bbox 187 3865 1202 4018">
     <span class='ocr_line' id='line_1_42' title="bbox 187 3865 1202 3942; baseline 0.004 -20"><span class='ocrx_word' id='word_1_273' title='bbox 187 3865 251 3922; x_wconf 85' lang='lat' dir='ltr'>Nee</span> <span class='ocrx_word' id='word_1_274' title='bbox 265 3865 347 3922; x_wconf 86' lang='lat' dir='ltr'>sociis</span> <span class='ocrx_word' id='word_1_275' title='bbox 362 3865 467 3942; x_wconf 88' lang='lat' dir='ltr'>aperire</span> <span class='ocrx_word' id='word_1_276' title='bbox 480 3865 566 3938; x_wconf 89' lang='lat' dir='ltr'>viam,</span> <span class='ocrx_word' id='word_1_277' title='bbox 580 3884 633 3922; x_wconf 88' lang='lat' dir='ltr'>nee</span> <span class='ocrx_word' id='word_1_278' title='bbox 648 3867 787 3924; x_wconf 85' lang='lat' dir='ltr'>moenibus</span> <span class='ocrx_word' id='word_1_279' title='bbox 801 3868 905 3927; x_wconf 88' lang='lat' dir='ltr'>audent</span> <span class='ocrx_word' id='word_1_280' title='bbox 1199 3917 1202 3926; x_wconf 90' lang='grc'><strong>.</strong></span> 
     </span>
     <span class='ocr_line' id='line_1_43' title="bbox 189 3941 1140 4018; baseline 0.004 -20"><span class='ocrx_word' id='word_1_281' title='bbox 189 3941 325 4016; x_wconf 89' lang='lat' dir='ltr'>Accipere</span> <span class='ocrx_word' id='word_1_282' title='bbox 340 3951 468 4015; x_wconf 78' lang='lat' dir='ltr'>orantes3</span> <span class='ocrx_word' id='word_1_283' title='bbox 490 3943 631 4018; x_wconf 87' lang='lat' dir='ltr'>oriturque</span> <span class='ocrx_word' id='word_1_284' title='bbox 645 3944 799 4002; x_wconf 84' lang='lat' dir='ltr'>miserrima</span> <span class='ocrx_word' id='word_1_285' title='bbox 813 3945 905 4003; x_wconf 74' lang='lat' dir='ltr'>cedes</span> <span class='ocrx_word' id='word_1_286' title='bbox 1085 3951 1140 4002; x_wconf 78' lang='grc'>885</span> 
     </span>
    </p>

    <p class='ocr_par' dir='ltr' id='par_1_19' title="bbox 143 4017 1009 4174">
     <span class='ocr_line' id='line_1_44' title="bbox 143 4017 949 4095; baseline 0 -19"><span class='ocrx_word' id='word_1_287' title='bbox 143 4069 148 4082; x_wconf 87' lang='grc'><strong>.</strong></span> <span class='ocrx_word' id='word_1_288' title='bbox 189 4018 398 4090; x_wconf 73' lang='lat' dir='ltr'>Defendentrim</span> <span class='ocrx_word' id='word_1_289' title='bbox 412 4021 494 4078; x_wconf 89' lang='lat' dir='ltr'>armis</span> <span class='ocrx_word' id='word_1_290' title='bbox 508 4020 608 4092; x_wconf 87' lang='lat' dir='ltr'>aditus,</span> <span class='ocrx_word' id='word_1_291' title='bbox 622 4017 707 4095; x_wconf 91' lang='lat' dir='ltr'>inque</span> <span class='ocrx_word' id='word_1_292' title='bbox 722 4041 796 4078; x_wconf 88' lang='lat' dir='ltr'>arma</span> <span class='ocrx_word' id='word_1_293' title='bbox 810 4023 949 4080; x_wconf 76' lang='lat' dir='ltr'>ruentium.</span> 
     </span>
     <span class='ocr_line' id='line_1_45' title="bbox 190 4096 1009 4174; baseline -0.004 -19"><span class='ocrx_word' id='word_1_294' title='bbox 190 4096 316 4171; x_wconf 84' lang='lat' dir='ltr'>Exclusi,</span> <span class='ocrx_word' id='word_1_295' title='bbox 332 4111 395 4155; x_wconf 83' lang='lat' dir='ltr'>ante</span> <span class='ocrx_word' id='word_1_296' title='bbox 410 4099 506 4156; x_wconf 84' lang='lat' dir='ltr'>oculos</span> <span class='ocrx_word' id='word_1_297' title='bbox 519 4097 778 4172; x_wconf 60' lang='lat' dir='ltr'>lacrymantemque</span> <span class='ocrx_word' id='word_1_298' title='bbox 793 4117 840 4154; x_wconf 89' lang='lat' dir='ltr'>ora</span> <span class='ocrx_word' id='word_1_299' title='bbox 852 4098 1009 4174; x_wconf 80' lang='lat' dir='ltr'>parentium,</span> 
     </span>
    </p>
   </div>
   <div class='ocr_carea' id='block_1_3' title="bbox 0 0 1389 4488">
    <p class='ocr_par' dir='ltr' id='par_1_20' title="bbox 0 0 1389 4488">
     <span class='ocr_line' id='line_1_46' title="bbox 0 0 1389 4488; baseline 0 0"><span class='ocrx_word' id='word_1_300' title='bbox 0 0 1389 4488; x_wconf 95' lang='lat' dir='ltr'> </span> 
     </span>
    </p>
   </div>
  </div>
 </body>
</html>
