3128 4456
670 277 784 356 mssa
803 303 825 358 r.

260 450 306 510 Et
320 470 409 527 genus
423 451 555 526 invisum,
569 459 599 510 et
611 452 682 528 rapti
696 452 871 528 Ganymedis
883 452 1015 512 honores.

258 531 322 606 ¹His
336 548 457 589 accensa
470 549 563 606 super,
572 532 694 608 jactatos
709 550 822 607 aequore
835 539 894 589 toto

260 609 366 684 Troas,
380 608 511 685 reliquias
525 607 658 666 Danairm
672 618 756 686 atque
770 610 885 667 immitis
899 609 1015 681 Achilli,

260 688 391 746 Arcebat
402 684 487 766 longe
501 687 604 744 Latio:
625 687 784 764 multosque
797 707 847 766 per
861 707 949 746 annos
1048 723 1050 728 ·

262 766 408 834 Errabant
421 766 476 823 acti
488 763 552 825 fatis
566 764 653 822 maria
666 769 761 824 omnia
773 768 891 825 circum.

262 848 368 904 Tantae
383 845 464 902 molis
477 853 538 903 erat
550 845 709 907 Romanam
723 845 845 904 condere
858 847 991 922 gentem!

197 965 203 982 .
305 923 365 981 Vix
379 942 395 980 e
408 931 563 1000 conspectu
578 923 682 981 Siculae
697 923 804 982 telluris
817 925 846 982 in
861 924 948 983 altum

263 1003 343 1061 Vela
355 1002 459 1060 dabant
471 1002 538 1078 laeti,
551 1011 580 1060 et
593 1021 707 1080 spumas
721 1002 786 1060 salis
800 1021 856 1060 sere
870 1002 1005 1077 ruebant;

265 1083 365 1154 Quum
377 1081 464 1156 June,
479 1089 616 1140 aeternnm
630 1101 745 1140 servans
759 1080 812 1138 sub
824 1089 940 1158 pectore
952 1082 1065 1158 vulnus,

265 1161 341 1218 Haec
357 1179 471 1218 seeum:
493 1159 584 1218 Mene
597 1160 709 1236 incepto
723 1160 858 1218 desistere
871 1160 998 1219 victam?

264 1241 295 1300 N
298 1259 332 1298 ec
345 1258 433 1316 posse
443 1239 526 1295 ltalia
540 1239 717 1296 Teucrorum
731 1247 856 1298 avertere
869 1243 988 1314 regem?

266 1319 384 1394 Quippe
397 1325 477 1374 vetor
490 1315 572 1374 fatis!
594 1315 726 1372 Pallasne
740 1335 859 1373 exurere
871 1315 991 1380 classem

265 1395 415 1472 Argivim,
430 1401 515 1469 atque
528 1393 604 1469 ipsos
616 1392 708 1469 potuit
721 1393 900 1468 submergere
912 1403 1009 1470 ponto,

267 1475 362 1544 Unius
375 1472 411 1530 ob
426 1490 532 1530 noxam
546 1477 576 1528 et
587 1469 673 1528 furias
687 1471 784 1550 Ajaeis
799 1471 895 1532 Oilei?

268 1554 344 1630 Ipsa,
356 1551 437 1609 Jovis
451 1549 580 1626 rapidum
590 1549 744 1628 jaculatae
757 1549 881 1612 nubibus
894 1549 999 1627 ignem,

268 1630 446 1710 Disjecitque
460 1637 542 1705 rates,
557 1629 713 1706 evertitque
727 1649 839 1706 aequora
851 1629 961 1703 ventis,

269 1711 355 1769 lllum
369 1709 560 1786 exspirantem
573 1707 709 1766 transfixo
720 1721 834 1785 pectore
847 1709 976 1768 flammas

269 1790 398 1848 Turbine
411 1789 554 1865 corripuit,
569 1787 744 1864 scopuloque
757 1788 852 1848 infixit
865 1795 966 1848 acuto:

191 1925 194 1932 .
269 1871 324 1928 Ast
337 1887 399 1945 ego,
413 1886 477 1946 qnae
492 1866 590 1924 divim
604 1866 706 1924 incedo
719 1866 826 1942 regina,
839 1866 975 1942 Jovlsque

271 1948 312 2007 Et
324 1966 400 2006 soror
413 1955 445 2005 et
455 1946 572 2024 conjux,
585 1945 643 2010 unia
657 1964 722 2003 cum
735 1951 820 2020 gente
833 1952 875 2003 tot
887 1951 976 2004 annos

271 2027 353 2087 Bella
366 2028 448 2104 gero!
470 2025 511 2083 Et
524 2023 671 2102 quisquam
684 2043 792 2083 numen
803 2022 925 2084 lunonis
939 2022 1040 2082 adoret

271 2107 421 2180 Praeterea,
436 2111 485 2163 aut
497 2104 618 2181 supplex
631 2104 685 2163 aris
695 2105 822 2181 imponat
834 2103 971 2160 honorem
982 2104 994 2159 .>

309 2185 392 2242 Talia
404 2184 547 2242 flammato
562 2202 660 2242 secum
673 2184 727 2242 dea
740 2183 826 2242 corde
839 2181 978 2258 volutans,

272 2263 441 2322 Nimbornm
454 2263 484 2322 in
497 2262 626 2341 patriam,
639 2261 704 2321 loca
716 2261 784 2320 ioeta
796 2260 955 2319 furentibus
968 2259 1078 2340 austris,

229 2359 230 2364 ¹
272 2341 397 2399 AEoliam
409 2343 497 2401 venit.
538 2339 597 2416 Hic
611 2350 690 2401 vasto
704 2360 754 2400 rex
767 2339 870 2400 AEolus
885 2347 964 2398 antro

274 2421 425 2479 Luctantes
438 2428 538 2480 ventos
551 2428 790 2499 tempestatesque
804 2439 918 2479 sonoras

274 2499 397 2576 Imperio
409 2499 521 2576 premit,
536 2520 569 2558 ac
582 2501 683 2558 vinclis
697 2508 726 2558 et
739 2517 851 2557 carcere
864 2499 970 2556 fraenat.

275 2577 319 2635 llli
333 2577 511 2653 indignantes
525 2597 628 2659 magno
643 2597 706 2636 cum
720 2596 864 2644 murmure
876 2577 981 2636 montis

275 2657 388 2715 Circum
402 2655 523 2712 claustra
534 2656 664 2714 fremunt
706 2656 793 2714 Celsi
806 2655 888 2714 sedet
900 2655 1002 2712 AEolus
1016 2672 1088 2728 aree,

277 2734 392 2812 Sceptra
404 2741 523 2805 tenens;
544 2732 691 2808 mollitque
705 2733 826 2807 animos,
838 2740 867 2791 et
879 2738 1017 2808 temperat
1029 2731 1092 2790 iras.

150 2799 152 2804 ’
176 2833 178 2836 ⁴
275 2813 314 2871 Ni
327 2811 419 2886 iaciat,
434 2810 531 2885 maria,
546 2829 578 2867 ac
591 2819 687 2884 terras,
702 2810 861 2886 caelumque
874 2801 1055 2886 profundum,
1117 2809 1123 2822 ¹

277 2891 389 2969 Quippe
403 2889 493 2948 serant
506 2888 595 2966 rapidi
608 2907 716 2962 secum,
729 2897 897 2965 verrantque
910 2907 961 2964 per
974 2906 1062 2944 auras.

278 2971 330 3030 Sed
345 2965 424 3048 pater
438 2969 616 3046 omnipotens
630 2967 773 3045 speluncis
787 2965 896 3025 abdidit
909 2965 984 3041 atris,
1020 2983 1021 2986 ¹

277 3051 339 3108 Hoc
353 3057 483 3108 metuens
496 3067 502 3104 :
523 3047 682 3123 molamque
697 3053 725 3106 et
741 3054 852 3112 montes
862 3044 978 3122 insuper
992 3043 1062 3102 altos

278 3128 429 3205 imposuit3
450 3143 602 3204 regemque
616 3126 704 3200 dedit,
719 3125 766 3202 qni
780 3125 885 3184 soedere
899 3131 977 3182 certo

278 3207 314 3265 Et
325 3225 465 3283 premere,
480 3213 509 3263 et
521 3204 601 3267 laxas
614 3205 698 3264 sciret
710 3204 777 3262 dare
786 3207 884 3282 jussus
897 3202 1033 3282 habenas.

216 3281 220 3290 ’
278 3287 319 3342 Ad
333 3304 419 3360 quem
432 3293 491 3342 tum
501 3283 581 3342 'Juno
595 3283 715 3360 supplex
729 3282 774 3340 his
787 3281 905 3340 vocibus
918 3301 970 3339 usa
983 3289 1026 3338 est
1036 3301 1053 3356 :¹

311 3363 398 3420 AEole
416 3360 552 3438 (namque
564 3361 616 3420 tibi
630 3359 727 3418 divirm
740 3369 820 3435 pater
833 3369 916 3437 atque
930 3358 1076 3417 hominum
1090 3378 1140 3418 rex

279 3443 314 3500 Et
330 3441 454 3498 mulcere
469 3440 548 3498 dedit
559 3441 671 3513 fluctus,
686 3445 715 3496 et
727 3437 954 3516 tollere-vento),

279 3521 355 3578 Gens
367 3517 484 3575 inimica
497 3517 568 3586 mihi
581 3516 760 3594 Tyrrhenum
774 3517 889 3590 navigat
901 3535 1006 3593 aequor,
1045 3569 1048 3574 .

280 3598 362 3658 Ilium
376 3597 406 3654 in
420 3595 531 3653 Italiam
542 3604 667 3674 portans,
681 3593 827 3670 victosque
840 3591 983 3654 Penates:

280 3677 377 3736 luente
391 3674 449 3732 vim
462 3674 565 3749 ventis,
580 3673 794 3748 submersasque
808 3673 896 3756 obrue
910 3691 1036 3752 puppes;

280 3757 334 3814 Aut
348 3773 398 3830 age
412 3753 548 3826 diversos,
564 3761 593 3810 et
606 3751 705 3829 disjice
720 3769 835 3826 corpora
848 3759 943 3828 ponto.
1213 3797 1216 3804 r
1233 3785 1236 3794 ‹

282 3834 349 3894 Sunt
362 3831 432 3890 mihi
446 3831 490 3889 bis
504 3838 613 3908 septem
626 3830 768 3908 praestanti
782 3847 898 3906 corpore
912 3829 943 3888 N
944 3825 1068 3906 ymphae,
1136 3905 1137 3908 Ἴ
