2712 4488
226 501 281 558 242
626 499 804 556 AENEIDOS

227 651 364 711 Dixerat:
385 649 433 710 ille
446 650 546 709 rudem
559 649 641 708 nodis
654 657 683 708 et
695 649 800 710 cortice
812 649 900 708 crudo

230 730 377 807 intorquet
389 729 506 788 sommis
520 727 640 788 odnixus
653 727 760 786 viribus
773 727 892 788 bustum.

229 806 380 886 excepere
391 826 464 866 aurae
478 807 582 866 vulnus
592 826 601 880 ς
624 807 754 864 Sstnrnis
765 805 841 865 Juno

228 887 355 946 Detorsit
367 887 503 959 veniens;
523 894 667 962 portaeque
681 883 806 961 infigitur
818 884 908 962 haste.

229 967 269 1024 At
282 985 339 1024 non
353 965 408 1024 boo
421 963 519 1038 telum,
534 982 599 1021 mea
610 963 687 1040 qnod
699 963 729 1022 vi
742 963 859 1022 dextera
870 970 973 1039 versat,

229 1043 377 1120 Effugies3
399 1061 492 1120 neque
506 1042 583 1100 enim
597 1041 621 1100 is
634 1041 685 1100 teli
697 1058 752 1100 nec
765 1041 889 1100 vulneris
902 1051 1009 1102 auctor.

230 1123 277 1181 Sic
291 1123 339 1199 ait,
354 1131 383 1180 ct
395 1117 607 1180 sublatumolte
622 1120 766 1196 consurgit
778 1120 808 1178 in
822 1139 930 1196 ensem,
1034 1147 1041 1160 ·

222 1201 268 1262 ut
281 1202 405 1262 mediam
418 1199 491 1258 ferro
505 1199 618 1275 gemina
631 1199 704 1256 inter
716 1208 843 1276 tempora
855 1198 976 1260 frontem
1049 1262 1054 1276 ‚
1139 1205 1195 1260 '150

230 1281 341 1338 Dividit
354 1278 542 1355 impubesque
555 1277 675 1336 immani
687 1277 805 1336 vulnere
819 1276 915 1334 malos.

228 1359 276 1416 Fit
289 1377 394 1430 sonus;
414 1356 523 1433 ingenti
536 1375 675 1414 concussa
687 1363 731 1414 est
742 1356 868 1432 pondere
882 1355 982 1414 tellus:

229 1436 376 1513 Collapsos
390 1443 564 1512 adunatque
578 1454 655 1494 erma
667 1442 783 1493 eruenta
797 1433 914 1494 cerebro

230 1513 337 1575 Sternit
348 1513 429 1573 humi
443 1513 583 1586 moriens;
604 1522 688 1590 etque
702 1511 744 1572 illi
756 1513 883 1590 putribus
897 1514 983 1592 aequis

228 1592 296 1650 Huc
311 1603 395 1672 caput
409 1601 491 1670 atque
504 1593 572 1652 illuc
587 1591 706 1652 humero
719 1611 757 1650 ex
769 1601 888 1669 utroque
901 1591 1048 1670 pependit
1139 1594 1195 1652 7⁵5

267 1672 429 1748 Diffugiunt
441 1672 516 1730 versi
529 1671 638 1749 trepidi
650 1671 801 1734 formidine
814 1670 906 1731 Troes
917 1690 924 1727 :

229 1751 278 1825 Et,
293 1751 317 1809 si
330 1748 464 1810 continuo
478 1751 614 1810 victorem
629 1768 664 1807 es
676 1767 744 1808 oure
757 1749 880 1807 subisset

228 1830 373 1907 Rumpere
388 1830 509 1888 claustro
521 1847 617 1903 manu,
631 1828 781 1904 sociosque
794 1827 947 1886 immittere
959 1827 1057 1905 portis,
1108 1879 1112 1888 .

228 1907 356 1968 Ultimus
369 1908 417 1968 ille
431 1908 492 1966 dies
505 1907 581 1966 bello
595 1905 728 1983 gentique
741 1905 858 1978 luisset3

230 1987 286 2044 Sed
300 1987 376 2046 furor
389 1988 541 2048 ardentem.
547 1986 691 2063 cedisque
704 1985 804 2044 maana
817 1984 922 2062 cupido
1139 1988 1195 2044 ’160

207 2095 208 2098 ¹
228 2065 297 2141 Egit
309 2066 339 2126 in
353 2067 494 2126 adversos.
967 2105 970 2110 ,
1081 2107 1084 2115 .

228 2144 371 2223 Principio
384 2145 529 2218 Phalerim
542 2153 572 2203 et
584 2143 694 2204 succiso
706 2143 814 2222 poplite
829 2142 954 2219 Gygen
1031 2195 1036 2206 ,
1111 2195 1115 2202 ,
1130 2196 1133 2204 ι
1199 2157 1203 2164 ·

229 2223 364 2298 Excipit3
385 2223 453 2282 binc
464 2232 556 2302 raptos
568 2222 742 2299 fngientibus
755 2221 858 2299 ingerit
870 2221 964 2290 hastos

230 2301 263 2358 ln
277 2309 405 2376 tergum:
425 2302 500 2360 Juno
513 2302 589 2360 vires
603 2303 783 2377 arrimnmque
797 2300 942 2360 ministret.
965 2331 968 2340 ·
1077 2335 1080 2341 ¹

228 2379 318 2438 Addit
331 2378 437 2456 Halym
451 2380 595 2454 comitem,
609 2389 638 2438 et
651 2379 766 2438 confixi
779 2379 896 2470 Phegea
908 2379 1022 2455 pormi3
1103 2441 1106 2446 ,
1138 2383 1195 2438 ’765

230 2457 346 2532 Ignaros
359 2457 463 2515 deinde
476 2457 506 2514 in
520 2456 616 2531 muris,
631 2458 811 2533 Martemque
825 2468 943 2531 orentes,

230 2535 467 2612 Alcandrumque,
481 2533 668 2610 Haliumque,
682 2535 901 2612 Noemonaque,
914 2534 1135 2614 Prytsnimqne:

230 2615 346 2690 Lyncea
358 2613 523 2674 tendentem
536 2609 645 2686 contri,
659 2612 807 2687 qociosque
820 2622 980 2690 vocantem,

229 2691 361 2752 Vibronti
373 2692 467 2769 gladio
481 2690 620 2750 connixus
635 2691 670 2749 ab
684 2709 785 2767 aggere
799 2692 899 2750 dexter

231 2771 373 2850 Occupat3
394 2771 462 2830 hnic
474 2789 532 2828 uno
543 2771 688 2863 dejectum
702 2769 861 2828 comminus
874 2771 932 2831 ictu
1136 2774 1195 2829 '170

210 2911 213 2918 ,
232 2851 306 2910 Cum
320 2851 402 2928 golei
416 2847 500 2928 longe
511 2852 603 2928 joonrt
615 2857 716 2928 ceput:
738 2849 804 2907 inde
818 2847 939 2908 ferorum

230 2930 408 2990 Vastatorem
421 2930 573 3007 Amycum,
588 2949 644 3006 quo
657 2949 714 2988 non
728 2927 837 2988 felicior
850 2927 919 2987 olter

231 3009 346 3086 Ungere
359 3010 416 3068 tela
429 3029 524 3084 manu,
537 3009 698 3086 ferrumque
712 3027 819 3066 armore
832 3027 962 3066 veneno:

234 3087 271 3146 Et
285 3088 410 3164 Clytium
423 3088 569 3164 AEoliden,
584 3097 613 3147 et
626 3088 749 3146 amioum
763 3085 887 3145 Crethea
900 3087 1021 3160 Musis;¹

232 3165 357 3224 Crethea
370 3167 517 3226 Musarum
532 3169 674 3241 comitem,
688 3165 734 3223 oui
748 3166 872 3228 carmina
885 3183 997 3241 semper
1135 3168 1195 3223 775
1304 3221 1305 3226 ,

232 3245 273 3301 Et
285 3244 399 3302 citharae
412 3245 498 3318 oordi,
512 3261 701 3319 numerosque
714 3243 861 3301 intendere
874 3243 985 3316 nervis;

234 3321 350 3398 Semper
363 3340 450 3396 equos
464 3329 546 3396 atque
561 3340 638 3379 arms
649 3319 740 3377 virum
754 3338 919 3396 pugnasque
932 3320 1059 3381 canebat.
1137 3349 1139 3354 ’

271 3397 400 3456 Tandem
412 3399 552 3474 dumores,
567 3399 661 3456 auditi
675 3396 753 3454 cede
767 3417 890 3471 suorum,

233 3473 414 3533 Conveniunt
426 3475 540 3550 Teucri,
553 3475 723 3534 Mnestheus
737 3493 858 3551 acerque
874 3476 1018 3553 Serestus3

232 3553 421 3629 Palantesque
433 3554 532 3612 vident
544 3555 645 3628 socios,
660 3553 826 3629 hostemque
840 3563 993 3632 receptum.
1093 3565 1098 3571 “
1134 3560 1194 3616 ’180

167 3705 171 3714 1
233 3633 273 3691 Et
286 3631 471 3692 Mnestheus:
493 3630 560 3703 Qud
575 3632 677 3690 deinde
691 3632 805 3709 sugam?
827 3628 883 3708 qud
897 3635 1034 3694 tenditis?
1054 3635 1153 3714 inquit.

234 3713 316 3784 Quos
328 3710 396 3768 alios
410 3729 513 3786 muros,
528 3729 592 3787 quae
603 3712 663 3789 jorn
677 3709 749 3772 ultral
762 3711 867 3770 moenie
878 3711 1010 3775 habetis?
1126 3723 1131 3730 '

234 3791 316 3851 Unus
329 3790 424 3865 bomo,
438 3797 467 3848 et
478 3790 589 3864 vestris,
604 3809 621 3848 o
634 3789 720 3865 cives,
734 3790 858 3868 undique
872 3797 968 3868 septus
992 3855 994 3863 ,
1036 3801 1038 3806 '
1130 3809 1136 3824 ⁶

152 3908 154 3912 .
234 3868 401 3944 Aggeribus,
416 3876 505 3927 tantos
519 3876 624 3942 strages
637 3866 753 3945 impune
767 3887 818 3944 per
830 3869 930 3928 urbem

235 3947 383 4004 Ediderit?
399 3949 538 4025 juvenum
552 3945 656 4022 primos
669 3953 710 4003 tot
722 3946 829 4004 miserit
842 3947 937 4006 Orco?
1134 3950 1194 4006 785

235 4024 265 4082 N
266 4021 302 4082 on
315 4024 434 4083 infelicis
447 4023 554 4101 pstriae,
568 4030 752 4097 veterumque
763 4024 890 4099 deorum,
