2712 4488
182 492 196 525 τι
500 440 613 495 LIBL'R
632 441 666 494 X.

107 591 196 650 Haud
209 590 273 651 tulit
285 592 394 650 AEneas
407 598 484 650 tanto
497 590 607 648 fervore
620 590 763 650 furentes:

90 711 94 720 ·
108 670 203 746 Inruit,
218 671 393 747 adversique
404 669 505 746 ingens
520 670 648 748 apparuit
660 670 750 728 hasti.
771 715 773 748 ,

107 749 166 807 Cui
179 749 282 826 Liger:
340 759 342 766 ’
398 773 401 779 ·
835 805 838 812 ,
1017 757 1073 812 580

107 828 139 886 N
140 846 177 885 on
191 827 341 885 Diomedis
354 845 451 903 equos,
466 845 521 885 nec
533 845 632 885 currus
646 827 738 884 cernis
750 826 879 904 Achilli,

108 907 168 965 Aut
181 906 312 982 Phrygiae
327 924 461 982 campos:
481 924 558 965 nunc
571 905 640 962 belli
654 905 719 964 finis
732 913 762 965 et
774 906 829 964 evi

109 984 165 1043 His
180 985 291 1044 dabitur
303 985 392 1043 terris.
433 983 550 1043 Vesano
563 983 631 1042 talia
643 981 699 1042 latd

109 1064 196 1122 Dicta
208 1063 304 1122 volant
316 1063 431 1139 Ligeri:
453 1064 503 1122 sed
517 1083 574 1120 non
589 1071 618 1121 et
631 1063 737 1121 Troius
750 1062 835 1122 heros

109 1142 196 1200 Dicta
207 1149 288 1219 parat
300 1140 416 1215 contrd3
434 1143 563 1220 jaculum
576 1160 642 1199 nam
655 1150 769 1220 torquet
781 1142 811 1200 in
824 1143 944 1204 hostem.
1016 1149 1072 1204 586

110 1222 254 1298 Lucagus,
268 1229 301 1278 ut
311 1239 418 1298 pronus
429 1222 559 1298 pendens
572 1221 602 1278 in
615 1221 733 1280 verbera
746 1221 803 1280 telo

108 1301 268 1358 Admonuit
280 1299 401 1378 bijugos,
415 1302 543 1377 projecto
556 1301 626 1357 dum
639 1299 713 1376 pede
727 1300 800 1357 laevn

108 1382 196 1455 Aptat
210 1398 240 1438 se
253 1397 356 1455 pugnae
368 1397 375 1450 ;
397 1377 473 1435 subit
486 1397 548 1436 oras
561 1378 643 1436 hasta
654 1397 705 1454 per
718 1378 789 1436 imas

60 1458 63 1462 ’
108 1458 260 1532 Fulgentia
273 1457 376 1533 clypei,
390 1464 450 1513 tum
464 1455 567 1514 laevum
579 1455 700 1532 perforat
712 1456 828 1531 inguen.

108 1537 258 1595 Excussus
272 1553 355 1606 curru
365 1533 554 1592 'moribundus
566 1534 689 1602 volvitur
702 1535 784 1592 arvis.
980 1599 982 1604 ¹
1016 1543 1073 1597 590

109 1615 205 1688 Quem
219 1614 284 1690 pius
297 1613 406 1670 AEneas
420 1613 502 1670 dictis
516 1612 617 1670 affatur
630 1613 732 1672 amaris
744 1633 751 1670 ε

108 1697 235 1769 Lucage,
250 1691 327 1750 nulla
339 1700 403 1751 tuos
416 1710 514 1750 currus
527 1692 593 1767 suga
606 1692 701 1767 segnis
715 1711 850 1769 equomm

107 1772 246 1845 Prodidit,
262 1780 310 1829 aut
321 1773 403 1828 vanae
417 1767 526 1828 vertere
541 1788 578 1828 ex
591 1770 719 1829 hostibus
732 1770 856 1830 umbrre:

109 1853 175 1929 Ipse
192 1851 258 1909 rotis
272 1849 375 1907 saliens
385 1851 455 1928 juga
469 1850 583 1908 deseris.
626 1849 699 1908 Haec
712 1849 752 1916 ita
763 1849 846 1924 satus,

107 1930 236 2007 Arripuit
248 1930 368 2007 bijugos.
409 1929 509 1986 Frater
522 1927 656 1988 tendebat
668 1929 790 1986 inermes
959 1979 961 1985 ,
1016 1935 1071 1989 595

109 2009 215 2067 Infelix
228 2008 344 2085 palmas,
355 2025 440 2064 curru
455 2007 587 2085 delapsus
601 2007 701 2064 eodem
714 2025 720 2062 ε

107 2089 165 2146 Per
178 2096 216 2163 te,
230 2105 282 2163 per
294 2087 342 2164 qui
356 2095 384 2144 te
397 2085 484 2142 talem
498 2083 621 2161 genuere
634 2091 775 2166 parentes,

107 2167 163 2224 Vir
177 2167 309 2244 Trojane,
319 2165 386 2222 sine
399 2164 474 2222 hanc
488 2165 620 2238 animam,
635 2171 664 2221 et
677 2163 812 2222 miserere
824 2165 973 2241 precantis,

1 2284 2 2294 ,
106 2244 242 2303 Pluribus
255 2243 345 2302 oranti
357 2243 485 2302 AEnens:
507 2242 595 2300 Haud
609 2242 675 2300 talla
688 2243 794 2300 dudum

106 2324 194 2382 Dicta
207 2322 311 2382 dabas:
333 2333 451 2396 morere,
467 2330 495 2379 et
507 2322 620 2379 fratrem
634 2339 671 2378 ne
685 2322 783 2380 desere
796 2320 888 2380 frater.
1013 2329 1069 2382 606

107 2403 194 2477 Tum,
209 2401 327 2460 latebras
342 2401 453 2474 animm,
467 2410 567 2477 peetus
580 2419 715 2459 mucrone
728 2400 858 2460 recludit.

107 2481 192 2539 Talia
203 2499 254 2558 per
266 2499 380 2557 campos
395 2479 497 2538 edebat
509 2479 607 2538 funem
621 2480 718 2538 ductor

108 2559 279 2633 Dardanius,
294 2559 422 2616 torrentis
437 2557 576 2634 aquaevel
591 2558 774 2630 turbinisatri

23 2636 27 2645 '
109 2639 192 2696 More
205 2636 309 2695 furens.
350 2637 481 2694 Tandem
496 2644 647 2712 emmpunt
660 2645 689 2694 et
701 2645 791 2695 castra
804 2637 967 2714 relinquunt

109 2717 249 2777 Ascanius
261 2733 331 2792 puer
344 2723 373 2772 et
385 2713 577 2790 nequidquam
591 2713 705 2786 obsessa
715 2717 858 2791 juventus.
1012 2721 1069 2775 605

147 2795 290 2853 lunonem
304 2795 412 2850 interea
424 2791 575 2868 compellat
586 2791 696 2867 Jupiter
708 2791 781 2850 ultro
792 2813 799 2849 :

111 2875 137 2934 Ο
152 2891 283 2949 germana
296 2870 366 2927 mihi
380 2879 464 2945 atque
478 2870 578 2926 eadem
592 2868 749 2944 gratissima
761 2873 876 2948 conjux,

111 2953 153 3012 Ut
166 2951 272 3023 rebare,
284 2949 386 3006 Venus
405 2947 472 3024 (nec
485 2955 513 3004 te
527 2946 666 3004 sententia
678 2947 761 3026 fallit)

111 3033 247 3108 Trojanas
262 3034 397 3085 sustentat
410 3043 497 3103 opes:
518 3044 576 3082 non
589 3024 684 3082 vivida
695 3024 771 3084 bello

112 3110 221 3166 Dextra
233 3107 309 3180 viris,
324 3105 488 3180 animusque
501 3103 589 3178 ferox,
603 3104 773 3180 patiensque·
782 3104 889 3183 pericli.
1011 3111 1068 3164 610

112 3187 167 3246 Oui
179 3187 253 3244 Juno
267 3183 423 3243 submissa:
445 3183 532 3258 Quid,
547 3202 564 3240 ο
577 3182 766 3259 pulcherrime
779 3186 843 3242 con*
864 3204 894 3260 x,

114 3266 252 3324 Sollicitas
266 3263 369 3339 aegmm
382 3271 411 3321 et
423 3270 471 3320 tua
484 3261 572 3320 tristia
585 3259 661 3319 dicta
673 3262 819 3320 timentem

114 3345 145 3402 Si
159 3345 237 3419 mihi,
252 3361 316 3419 qum
331 3341 471 3416 quondam
484 3341 583 3415 luerat,
597 3358 738 3416 quamque
752 3359 817 3400 esse
829 3339 958 3418 decebat,
1063 3382 1066 3392 s

1 3442 3 3460 t
113 3421 167 3481 Vis
179 3423 209 3479 in
223 3439 317 3478 amore
330 3420 419 3493 loret3
441 3439 497 3478 nou
510 3419 565 3478 hoc
578 3419 648 3476 mihi
662 3438 783 3496 namque
796 3439 926 3496 negares,

116 3500 310 3576 Omnipotens,
325 3499 392 3574 quin
406 3507 434 3556 et
446 3517 548 3575 pugnae
562 3497 718 3556 subducere
731 3498 872 3576 Turnum,
1011 3503 1067 3558 615

113 3577 154 3636 Et
167 3579 268 3636 Dauno
281 3595 393 3652 possem
407 3576 579 3634 incolumem
594 3594 703 3633 servnre
716 3577 833 3653 parenti.
897 3594 900 3603 ¹

114 3658 199 3716 Nunc
212 3662 316 3732 pereat,
331 3653 506 3729 Teucrisque
519 3653 566 3729 pio
580 3654 628 3712 det
641 3656 777 3730 sanguine
790 3675 896 3742 poenas.
1063 3721 1068 3731 Ι

1 3758 2 3766 ’
115 3736 167 3793 Ille
180 3744 273 3792 tamen
287 3732 380 3791 nostri
394 3727 508 3790 deducit
520 3731 626 3806 origine
639 3752 753 3807 nomen,

76 3834 79 3842 ¹
115 3814 319 3887 Pilumnusque
332 3811 373 3867 illi
386 3818 500 3885 quartus
511 3817 598 3885 peter,
614 3818 642 3868 et
653 3819 703 3868 tua
715 3811 792 3886 largi
831 3869 832 3874 ,
1012 3879 1013 3884 ¹

117 3888 199 3968 Saepe
215 3909 299 3948 manu
312 3888 464 3963 multisque
478 3887 586 3945 ornavit
597 3888 695 3945 limina
707 3889 796 3948 donis.
1012 3894 1068 3949 620

132 3990 139 4052 j
153 3969 209 4027 Cui
222 3987 271 4026 rex
287 3966 396 4025 aetherii
408 3965 529 4024 breviter
542 3965 581 4022 sic
594 3965 665 4024 fatur
679 3966 812 4044 Olympi:

269 4047 332 4104 22*
441 4118 444 4124 ¹
