3076 4514
602 411 715 466 Lrsnrt
734 411 768 466 V.

200 559 255 618 Est
268 559 320 618 tibi
334 558 497 619 Dardanius
510 561 614 621 divinae
629 563 723 640 stirpis
736 563 876 622 Acestes.

149 618 190 722 fb
200 638 298 700 Hunc
294 657 373 718 cape
387 641 512 698 consiliis
525 637 643 717 aicium,
658 649 688 700 et
700 645 842 720 conjunge
854 641 1007 706 volentem

147 699 161 780 l
200 717 279 775 Huic
293 719 372 776 trade
386 720 497 778 amissis
510 716 647 798 luperant
660 739 710 797 qur
701 721 853 801 navibus,
868 728 898 779 et
910 740 981 798 quos

134 803 156 890 J
199 796 358 855 Pertaesum
372 799 470 875 magni
482 799 590 876 incepti
603 817 754 876 rerumque
769 807 879 858 tuarum
893 808 954 874 est3

201 868 416 953 Lougaevosque
430 897 522 953 senes,
538 897 571 952 ap
585 878 674 937 fessas
688 897 803 954 equore
799 844 954 956 matr’es,
1112 883 1170 939 715

198 955 241 1012 Et
254 955 391 1034 quidquid
404 966 499 1029 tecum
512 957 669 1016 invalidum
683 965 873 1051 metuensque
886 979 905 1037 p
964 958 986 1018 li
999 967 1052 1036 est,

128 1069 132 1076 ·
201 1034 322 1111 Delige:
344 1036 431 1095 ethis
444 1035 568 1096 habeant
581 1037 661 1095 terris
674 1037 736 1095 sine
749 1039 856 1095 moenia
869 977 969 1097 ies*

203 1113 310 1172 Urbem
324 1115 508 1208 appellabunt
520 1116 659 1193 permisso
673 1115 790 1174 nomine
802 1118 949 1176 Acestam
1045 1136 1056 1166 ·
1150 1189 1153 1196 ,

238 1188 377 1251 Talibus'
369 1213 503 1253 rucensus
517 1195 600 1253 dictis
614 1194 733 1254 senioris
747 1195 849 1258 amici:

198 1267 275 1328 Tum
288 1269 356 1330 verd
370 1293 400 1331 ιι
408 1293 496 1340 ,ιιιιι
510 1274 637 1331 animum
651 1273 794 1331 diducitur
807 1259 914 1335 omnes.
1005 1268 1012 1284 ⁹
1087 1299 1093 1308 ι
1112 1277 1170 1334 720

199 1349 240 1409 Et
252 1369 310 1410 nox
324 1359 383 1410 atra
394 1352 492 1429 polum
505 1351 579 1428 bigis
593 1352 730 1412 subvecta
742 1352 876 1420 tenebat:

202 1429 270 1487 Visa
283 1429 387 1488 dehinc
401 1430 473 1488 coelo
487 1431 574 1500 iacies
588 1432 703 1508 delapsa
715 1431 840 1507 parentis

202 1508 335 1566 Anchisa
350 1506 444 1567 subitd
459 1509 529 1567 tales
543 1509 690 1568 effundere
703 1527 809 1568 voces:

199 1587 226 1646 N
230 1596 285 1663 ate,
299 1587 371 1645 mibi
383 1587 443 1646 viat
457 1590 610 1665 quondam,
625 1588 692 1647 dum
706 1589 765 1647 vita
778 1587 979 1665 manebat,

199 1667 272 1724 Care
286 1663 385 1742 magis,
400 1674 475 1744 nate,
491 1668 586 1726 Iliacis
599 1668 725 1740 exercite
738 1669 824 1744 latis,
1048 1729 1050 1734 ,
1110 1672 1169 1729 ms

200 1745 322 1822 Imperio
335 1746 353 1803 J
354 1765 415 1805 ovrs
429 1746 486 1805 buc
499 1748 585 1805 venio
587 1768 658 1825 ,qur
649 1747 830 1806 ‘'classibus'
822 1765 918 1822 rguem

201 1824 326 1902 Depulit,
341 1833 370 1884 et
382 1825 454 1884 coeld
468 1823 586 1885 tandem
598 1827 748 1886 miseratus
761 1827 796 1885 ab
811 1827 867 1884 alto
881 1837 933 1884 est

199 1904 334 1963 Consiliis
346 1925 414 1982 pare
428 1925 491 1983 quae
505 1925 582 1964 nunc
595 1906 786 1983 pulcherrima
798 1906 911 1965 Nautes

198 1981 256 2040 Dat
269 1984 382 2043 senior:
403 1984 514 2043 lectos'
501 2004 635 2064 Juvenes,
649 1985 801 2045 fortissima
814 1985 880 2042 cord

198 2062 307 2120 Defer
298 2081 329 2119 ιι
343 2063 474 2137 ltaliam
495 2083 565 2139 gens
579 2064 708 2141 duraatq
710 2083 746 2123 ue
678 2071 887 2142 tqasperac
871 2004 949 2122 obitu

199 2141 378 2200 Debellanda
390 2142 443 2200 tibi
457 2144 539 2202 Latio
553 2152 604 2202 est.
646 2144 722 2202 Ditis
736 2152 831 2203 tamen
846 2139 911 2201 antri

199 2219 326 2282 Infernas
341 2222 446 2282 accede
460 2223 578 2297 domos;
601 2231 630 2281 et
642 2224 759 2282 Auerna
770 2243 823 2301 per
829 2222 892 2296 ,alta

198 2300 376 2376 congressus
389 2308 465 2378 pete,
479 2309 556 2379 ιιιι,
571 2321 659 2362 ιιιοι.
699 2303 769 2362 Non
783 2321 830 2360 me
844 2301 933 2394 impia
945 2319 1072 2379 namque

198 2379 316 2438 'llartarc
327 2379 445 2457 babent,
458 2382 553 2440 tristes
567 2381 693 2454 urnbrae;
715 2383 767 2441 sed
781 2401 893 2440 amoena
904 2381 1016 2458 piorum

196 2458 328 2516 Concilio
341 2459 530 2538 Elysiumque
544 2461 616 2519 colo.
658 2460 726 2519 Huc
740 2469 817 2520 casta
832 2459 941 2537 Sibylla
1109 2464 1167 2519 735

197 2537 350 2613 Nigrarum
364 2539 453 2597 multo
467 2541 611 2616 pecudum
625 2547 653 2598 te
668 2540 805 2615 sanguine
819 2541 913 2598 ducet.

198 2617 273 2674 Tum
287 2635 379 2692 genus
393 2636 478 2676 omne
492 2627 582 2693 tuum,
598 2627 627 2677 et
640 2637 704 2694 quae
718 2619 821 2676 dentur
834 2617 948 2691 maenia,
963 2617 1065 2675 disces.

194 2695 316 2771 Jamque
329 2695 411 2752 tale:
432 2705 545 2773 torquet
557 2697 666 2754 medrus
680 2716 739 2754 nox
752 2695 871 2754 humrda
883 2706 1001 2768 cursus,
1044 2698 1052 2739 ·'

198 2775 237 2832 Et
250 2792 296 2830 me
311 2792 404 2831 saevus
418 2774 499 2851 equis
514 2773 617 2832 Oriens
631 2773 737 2832 afflavit
750 2773 868 2852 anhelis.
927 2813 931 2819 -
959 2811 961 2816 ,
1071 2792 1095 2822 w

197 2853 326 2928 Dixerat,
341 2856 371 2909 et
380 2861 483 2910 tenues
497 2851 577 2944 fugit,
592 2870 646 2909 ceu
659 2852 785 2928 furnus,
777 2871 806 2909 ιι
822 2844 912 2909 auras.
1109 2853 1167 2907 -740

196 2933 316 3007 AEneas‚
332 2928 398 3002 Qud
413 2931 518 2994 deinde
532 2931 612 2988 ruis?
633 2929 690 3007 qud
704 2931 846 3008 proripis?
867 2928 977 3006 inquit3

198 3013 295 3083 Quem
308 3011 402 3086 fugis?
424 3018 471 3068 aut
485 3010 548 3103 quis
561 3018 590 3068 te
603 3009 706 3067 nostris
720 3007 918 3086 complexibus
932 3009 1030 3065 arcet?

198 3091 271 3148 Haec
284 3108 455 3165 memorans,
470 3090 596 3148 cinerem
611 3097 640 3146 et
653 3089 758 3166 sopitos
773 3087 909 3146 suscitat
901 3105 1001 3162 agnes3

197 3170 443 3248 Pergameumque
457 3170 570 3245 Larem,
585 3177 614 3228 et
627 3187 705 3227 canae
718 3167 876 3247 penetralia
888 3165 997 3242 Veste,

197 3251 326 3308 Farre
298 3270 345 3328 pro
360 3257 389 3309 et
400 3249 487 3328 plenia
501 3248 624 3344 supplex
637 3255 787 3306 veneratur
801 3245 904 3306 acerrd.
1096 3250 1167 3316 ,745

236 3328 391 3423 Extemplo
406 3330 498 3388 socios
510 3325 691 3420 primumque
706 3327 821 3386 arcessit
831 3327 979 3397 Acesten,

198 3407 238 3465 Et
249 3407 350 3466 Jovis'
342 3409 503 3486 unperium,
519 3415 548 3466 et
558 3407 616 3464 cari
629 3415 774 3500 praecepta
783 3406 919 3484 parentis,

198 3485 319 3562 Educet,
334 3493 438 3564 atquae
453 3504 530 3544 nunc
545 3485 639 3543 animo
654 3485 794 3544 sententia
807 3492 926 3544 constet.
1019 3477 1029 3497 ⁸

198 3565 285 3623 Haud
299 3584 378 3623 mora
391 3566 527 3641 consiliis,
542 3582 596 3622 nec
606 3565 688 3642 jussa
699 3574 812 3623 recusat
824 3565 954 3622 Acestes.

198 3643 405 3703 Transcribunt
417 3643 481 3702 urbi
495 3651 609 3716 ιιιιιιι,
624 3636 821 3719 populumque
834 3643 980 3706 volentem
1111 3641 1168 3696 '750

198 3725 363 3801 Deponunt,
379 3723 487 3782 animos
501 3722 541 3780 nil
555 3739 666 3797 magna
681 3721 773 3779 laudis
787 3721 921 3798 egentes.

198 3803 258 3881 Ipsi
273 3811 392 3861 transtra
403 3809 519 3876 novant,
534 3799 713 3875 flammisque
726 3799 842 3858 ambesa
855 3803 995 3875 reponunt

197 3881 314 3941 Robora
327 3881 457 3957 navigiis,
471 3887 569 3957 aptant
582 3897 732 3954 remosque
745 3878 957 3952 nrdentesque3

198 3961 307 4038 Exigui
320 3979 448 4036 numero,
464 3959 515 4017 sed
527 3957 635 4014 bello
617 3957 713 4016 livida
725 3956 823 4014 virtus.

1110 2029 1183 2124 ιιι
1259 2067 1266 2081 ·
