3076 4514
619 389 733 452 menn
752 391 802 452 111.
1131 397 1183 454 117

221 543 387 622 Aggredior,
401 542 577 622 genibusque
589 544 714 604 adverse
728 544 858 603 obluctor
870 563 972 621 erenae,

222 623 357 700 Equuar,
371 642 407 681 sn
420 621 538 681 sileam?
558 623 680 700 gemitus
694 622 882 700 lacrymabilis
894 623 952 682 imo
1073 639 1076 646 ¹

222 702 346 761 Auditur
357 701 475 776 tumulo,
490 710 520 759 et
531 721 586 759 uox
600 702 709 762 redditu
721 700 807 760 sertin
820 701 854 760 ad
869 720 970 760 eures:
1142 709 1181 763 40

223 779 302 862 Quid
314 779 458 854 miserum,
473 779 577 854 AEnea‚
591 779 719 838 laceras?
735 782 796 858 jem
810 797 893 857 perce
908 780 1038 858 sepult03

221 859 311 917 Parce
323 859 386 936 pias
399 857 537 916 scelerare
550 876 659 916 manus.
699 859 768 916 Non
782 876 829 916 me
842 858 894 916 tibi
907 859 995 938 Troja

222 936 384 995 Externum
398 937 471 1011 tulit,
485 945 534 996 aut
546 955 627 995 cruor
639 936 687 994 hic
701 937 736 994 de
750 936 963 1014 snpitemunat.

223 1015 308 1093 lieu!
329 1014 396 1090 suge
409 1015 537 1074 crudeles
549 1023 645 1089 terras,
659 1014 725 1090 iugc
738 1015 816 1073 littus
830 1034 954 1074 avarum.

222 1093 298 1154 Nam
312 1093 470 1170 Polydorus
483 1112 555 1170 ego:
576 1091 624 1151 bic
638 1095 782 1151 conlixum
795 1092 885 1152 serren
897 1094 969 1154 texit
1018 1105 1022 1130 ³
1140 1099 1180 1153 40

222 1171 357 1230 Telorum
371 1189 462 1248 seges,
477 1181 506 1230 et
514 1172 617 1250 jaculis
630 1172 749 1230 increvit
761 1172 860 1230 acutis.

221 1249 299 1307 Tum
313 1247 379 1308 verb
394 1250 510 1327 ancipiti
523 1256 646 1308 mentem
660 1247 809 1307 formidine
842 1268 936 1309 ressus

222 1328 372 1406 Obstupui,
386 1335 579 1404 steteruntque
592 1345 691 1401 comte,
706 1334 735 1384 et
748 1345 804 1385 vox
817 1270 945 1386 liunibus
958 1327 1049 1388 bresit.

204 1410 212 1422 ''
261 1407 348 1464 Hunc
362 1406 534 1481 Polydorum
549 1405 608 1462 auri
621 1404 764 1480 quondam
779 1423 844 1462 cum
859 1407 985 1482 pondere
997 1427 1102 1485 magno

222 1483 326 1542 infelix
339 1483 470 1544 Priamus
484 1482 578 1541 surtim
593 1481 739 1541 mandit-at
752 1481 884 1540 alendum
1139 1493 1179 1548 ω

220 1561 355 1620 Threicio
368 1561 436 1636 regi,
450 1580 538 1638 quum
548 1563 609 1638 jnm
624 1559 763 1620 diffideret
776 1561 860 1618 ermis

145 1661 147 1664 ·
220 1639 384 1714 Derdam,
399 1639 530 1716 cingique
545 1639 644 1697 urbem
658 1639 805 1698 obsidione
818 1639 935 1699 videret.

211 1684 285 1856 Q?
299 1726 332 1777 ut
344 1735 413 1795 opes
426 1717 520 1776 lractae
534 1717 690 1794 Teucrum,
704 1727 734 1777 et
744 1718 856 1776 ionum
868 1717 991 1797 recessit,

268 1816 281 1856 s
293 1795 533 1872 Agamemnonias
546 1797 728 1874 victriciaque
742 1816 819 1855 erma
831 1806 955 1874 secutus,

221 1875 278 1935 Fas
291 1894 375 1946 omne
389 1875 539 1952 abrumpit,
553 1875 727 1952 Polydorum
740 1875 896 1951 obtruncat,
910 1885 940 1936 et
952 1895 1020 1937 auro
1140 1883 1179 1938 bb

221 1953 260 2012 Vi
273 1955 386 2032 potitur.
428 1953 506 2025 Quid
519 1972 575 2011 non
590 1954 717 2012 mortalia
729 1962 845 2032 pectora
856 1955 944 2030 cogis,

221 2033 292 2092 Auri
306 2051 384 2091 sacra
397 2032 508 2091 fames?
528 2032 682 2110 Postquam
695 2051 783 2124 ppvqr
795 2051 859 2090 ossa
871 2033 993 2110 reliquit,

221 2111 356 2180 Delector
369 2111 466 2206 populi
480 2112 515 2170 ad
527 2129 669 2190 proceres,
682 2129 862 2188 primumque
874 2121 1032 2190 parentem,

221 2191 350 2250 Monstro
362 2191 447 2249 deum
461 2189 561 2265 resero,
575 2199 604 2248 et
617 2207 680 2268 qnae
694 2188 731 2248 sit
743 2190 882 2248 sententia
894 2209 992 2269 posco.

221 2267 361 2330 Omnibus
375 2271 451 2328 idem
465 2270 575 2328 animus
589 2268 725 2330 scelerati
739 2269 877 2328 excedere
890 2271 974 2346 terri,
1139 2275 1178 2330 00

221 2348 326 2426 Linqui
339 2349 478 2426 pollutum
493 2347 657 2426 hospitium,
672 2356 701 2408 et
713 2348 780 2407 dare
793 2348 931 2408 classibus
944 2357 1061 2412 ansboe·

221 2425 298 2504 Ergo
312 2428 498 2487 instauramus
511 2427 652 2505 Polydoro
666 2428 758 2502 sunus,
772 2427 914 2504 elingens
974 2456 976 2461 ·

220 2505 370 2582 Aggeritur
383 2507 491 2566 tumulo
504 2506 607 2579 tellus;
629 2516 703 2566 stent
715 2507 850 2566 Manibus
864 2526 930 2584 arae,

221 2583 360 2644 Creruleis
375 2594 480 2644 moestae
495 2585 570 2642 vittis
584 2586 698 2663 atrique
711 2604 863 2662 cupresso;

221 2662 262 2720 Et
276 2659 381 2720 circum
396 2664 500 2722 iliades
514 2664 621 2721 crinem
636 2664 672 2722 de
685 2682 762 2722 more
776 2664 884 2724 soture.
1005 2725 1011 2740 ,

222 2737 372 2820 luserimus
385 2742 480 2818 tepido
494 2741 654 2816 spumantia
667 2741 780 2818 cymbia
792 2741 875 2816 lacte,

223 2818 376 2898 Sanguinis
390 2829 419 2878 et
431 2818 503 2878 sacri
516 2827 646 2894 pateras,
667 2819 845 2896 animamque
859 2817 988 2896 sepulcro

220 2897 388 2972 condimus,
402 2906 432 2956 et
445 2897 545 2972 magni
559 2893 723 2973 supremirm
737 2915 810 2955 voce
822 2897 939 2982 ciemnp.

186 3013 188 3016 -
261 2976 340 3051 lude,
354 2977 404 3034 ubi
416 2977 508 3054 prima
520 2975 591 3032 fides
604 2975 714 3052 pelago,
727 2975 896 3052 placataque
909 2974 987 3034 venti

220 3055 300 3115 Dant
312 3055 408 3130 maria,
422 3064 452 3115 et
463 3050 528 3113 tene
543 3056 685 3132 crepitans
699 3064 781 3113 vocat
794 3054 931 3114 austerio
945 3054 1043 3131 cltum,
1141 3057 1180 3114 '10

221 3135 376 3194 Deducunt
388 3134 457 3193 socii
471 3152 568 3208 naves,
582 3143 612 3192 et
624 3133 717 3192 littora
729 3133 883 3212 complent.

220 3213 409 3272 Provehimur
421 3221 523 3291 portn;
544 3220 681 3289 terraeque
695 3213 836 3290 urbesque
849 3212 993 3272 recedunt.

156 3299 162 3310 '
222 3292 309 3350 Socra
322 3293 391 3350 meri
405 3293 507 3351 colitur
521 3291 613 3349 medio
627 3292 784 3366 gratissima
796 3291 881 3350 tellus

220 3369 378 3430 Nereidum
393 3370 474 3430 metri
488 3379 517 3429 et
530 3369 666 3447 Neptuno
680 3370 801 3446 AEgae03

222 3448 318 3518 Quam
330 3450 395 3525 pius
408 3449 586 3522 Arcitenens,
600 3467 662 3505 oras
675 3456 705 3507 et
717 3448 809 3507 littoru
821 3449 929 3507 circum
1140 3450 1180 3506 ro

222 3527 381 3601 Errantem,
397 3527 491 3604 Gyaro
505 3527 582 3584 celsi
596 3526 778 3603 Myconoque
792 3527 923 3602 revinxit,

222 3605 430 3681 immotamque
444 3604 500 3663 ooli
514 3605 602 3679 dedit,
617 3612 645 3662 et
658 3613 839 3664 contemnere
852 3614 960 3666 ventos.

222 3683 290 3744 Huc
304 3683 394 3757 seror3
415 3683 478 3741 hoec
492 3683 581 3742 sessos
594 3690 655 3741 tuto
669 3683 859 3760 placidissima
870 3694 953 3761 portu

222 3763 343 3841 Accipit.
385 3761 501 3838 Egressi
515 3779 682 3819 veneramur
695 3762 836 3839 Apollinis
849 3761 958 3821 urbem.
1011 3783 1016 3796 ·

221 3841 289 3900 Rex
303 3841 404 3916 Anius,
418 3859 468 3898 rex
482 3840 558 3898 idem
573 3839 718 3898 hominurn
734 3840 893 3917 Phoebiqnc
906 3837 1045 3916 sacerdon,
1141 3840 1179 3898 00

226 3919 310 3982 vitris
324 3929 353 3981 et
365 3920 443 3980 sacri
457 3918 602 3980 redimitus
616 3926 741 4008 tempora
753 3918 841 3993 lauro,
