2712 4488
546 534 659 590 LIBER
678 534 713 588 X.

139 680 266 759 Accipit,
280 689 309 740 et
322 681 401 740 molli
413 682 585 748 subnectens
599 683 720 742 circulus
734 704 810 744 auro.

138 761 186 819 Te
199 779 314 838 quoquc
328 761 513 836 magnanimae
527 763 667 838 viderunt,
683 763 799 840 lemare,
814 775 913 841 gentes
1099 818 1103 826 ,

138 839 274 898 Vulnera
287 839 416 913 dirigere,
431 847 460 898 et
473 841 598 898 calamos
613 859 719 900 armare
733 862 855 919 veneno,
1053 852 1107 906 lto

139 917 282 991 Maeonis,
295 935 442 993 generose,
457 919 560 992 domo,
582 919 632 977 uhi
644 922 762 997 pinguia
774 922 850 981 culta

138 994 344 1071 Exercentque
357 996 420 1071 viri,
435 997 623 1074 Pactolosque
637 999 732 1074 irrigat
746 1019 822 1059 auro.

138 1073 236 1132 Affuit
248 1081 276 1131 et
289 1075 469 1150 Mnestheus,
483 1095 568 1153 quem
582 1077 657 1153 pulsi
670 1077 787 1154 pristina
795 1080 891 1138 Turni

138 1157 254 1229 Aggere
269 1171 412 1212 murorum
426 1155 577 1212 sublimem
591 1155 680 1231 gloria
692 1157 780 1223 tollit:

139 1233 181 1291 Et
195 1233 307 1308 Capys3
329 1231 396 1290 hine
409 1252 514 1292 nomen
530 1234 685 1312 Campanae
697 1236 808 1294 ducitur
820 1237 892 1296 urbi.
1052 1244 1105 1298 145

180 1311 228 1370 Illi
240 1312 388 1370 intersere
402 1313 465 1370 duri
479 1313 633 1370 certamina
645 1313 714 1371 belli
834 1368 837 1376 ,

139 1389 346 1463 Contulerant;
368 1391 463 1448 medita
477 1391 584 1450 AEneas
597 1391 667 1449 frete
680 1401 763 1450 nocte
777 1392 898 1452 secabat.

139 1469 275 1544 Namque
288 1476 321 1526 ut
334 1468 368 1525 ah
383 1468 519 1527 Evandro
532 1470 630 1528 castris
643 1471 786 1546 ingressus
798 1472 926 1531 Etruscis
1012 1477 1014 1482 '

35 1573 39 1578 ·
138 1547 254 1623 Regem
268 1546 334 1621 adit,
349 1555 378 1604 et
391 1547 450 1622 regi
463 1556 950 1628 memoratnomenquegenusquc3
1031 1587 1033 1592 ·

141 1626 258 1696 Quidve
270 1631 358 1702 petat,
372 1624 476 1701 quidve
489 1624 550 1700 ipse
563 1625 642 1701 serat,
657 1627 819 1685 Mezentius
834 1648 910 1686 arma
1051 1637 1105 1690 150

140 1704 217 1776 Quae
231 1703 285 1762 sibi
299 1703 440 1778 conciliet,
454 1703 633 1781 violentaque
646 1713 760 1782 pectora
773 1706 873 1780 Turni,

139 1783 271 1854 Educet,
293 1782 424 1840 humanis
439 1801 502 1859 quae
516 1783 553 1841 sit
564 1783 668 1840 fiducia
680 1783 764 1848 rebus

138 1862 301 1935 Admonet;
320 1861 517 1938 immiscetque
530 1881 648 1939 preces:
670 1862 747 1920 haud
760 1863 899 1937 tit-mora,
921 1863 1033 1923 Tarcho
1085 1886 1087 1890 ’

138 1940 239 2016 Jungit
252 1959 330 2018 opes,
344 1940 490 2017 soedusque
503 1941 575 1999 serit.
616 1941 693 1998 Tum
706 1940 796 1999 libera
808 1941 858 2000 fati

139 2020 270 2077 Classem
284 2020 450 2078 conscendit
458 2019 546 2098 jussis
559 2038 628 2094 gens
641 2019 734 2095 Lydia
746 2019 854 2095 divim,
1050 2026 1103 2080 155

138 2099 270 2156 Externo
283 2097 434 2156 commissa
447 2099 520 2157 duci.
561 2097 669 2156 AEneia
681 2099 784 2176 puppis

137 2177 238 2235 Prima
249 2185 337 2251 tenet,
352 2184 440 2234 rostro
453 2177 593 2253 Phrygios
602 2176 757 2254 'subjuncta
769 2177 867 2236 leones
879 2197 886 2234 ε

139 2256 275 2315 Imminet
289 2251 341 2313 Ida
354 2274 446 2332 super,
460 2255 584 2332 profugis
598 2256 755 2330 gratissima
768 2256 896 2315 Teucris.

139 2332 198 2393 Hic
213 2354 330 2410 magnus
344 2336 424 2393 sedet
436 2335 552 2409 AEneas,
567 2353 721 2411 secumque
733 2335 841 2394 volutat

139 2413 270 2474 Eventus
283 2413 353 2472 belli·
363 2413 472 2472 varios:
490 2413 649 2490 Pallasque,
665 2414 776 2474 sinistro
1048 2420 1102 2474 160

10 2559 11 2566 ¹
88 2493 91 2498 ’
138 2491 251 2551 Affixus
264 2492 353 2568 lateri,
363 2495 424 2571 jam
437 2493 538 2570 quaerit
550 2491 652 2568 sidera,
666 2509 763 2570 opacae

138 2571 171 2629 N
172 2571 242 2629 octis
255 2571 317 2647 iter,
327 2573 387 2650 jam
401 2590 463 2647 quae
476 2590 575 2649 passus
588 2571 718 2648 terraique
732 2571 868 2649 marique.

178 2649 303 2708 Pandite
312 2669 388 2708 nunc
403 2650 552 2724 Helicona,
567 2651 649 2724 Dese,
664 2659 820 2729 cautusque
834 2658 962 2724 movete;

141 2727 214 2798 Quae
229 2747 328 2785 manus
342 2729 449 2786 interea
461 2728 564 2787 Tuscis
577 2729 727 2790 comitetur
740 2730 775 2787 ab
790 2730 845 2787 oris

139 2805 264 2880 AEnean,
279 2795 423 2883 almetque
436 2815 518 2881 rates,
532 2806 690 2883 pelagoque
703 2807 830 2865 vehatur.
1047 2811 1102 2866 165

179 2885 320 2942 Massicus
334 2883 418 2942 serati
431 2884 561 2960 princeps
575 2892 653 2942 secat
666 2903 779 2961 aequora
792 2885 888 2960 Tigri:
907 2955 908 2960 ἵ

142 2962 200 3020 Sub
214 2969 270 3038 quo
283 2961 362 3020 mille
375 2979 476 3018 manus
485 2963 633 3040 juvenum,
647 2963 696 3038 qui
709 2963 814 3020 moenia
826 2960 916 3038 Clusi,

141 3040 255 3117 Quique
266 3040 365 3098 urbem
377 3036 485 3115 liquere
499 3039 597 3112 Cosas,
611 3040 692 3116 queis
705 3039 770 3115 tela,
784 3041 901 3116 sagitte,

141 3120 294 3196 corytique
307 3119 386 3176 leves
399 3117 525 3176 humeris
539 3125 568 3175 et
580 3118 672 3176 letifer
685 3137 774 3176 arcus.

140 3198 208 3259 Una
221 3207 316 3258 torvus
330 3197 426 3269 Abas;
447 3195 514 3254 huic
527 3204 616 3254 totum
629 3196 788 3272 insignibus
803 3196 887 3254 armis
1048 3200 1103 3257 170

139 3277 262 3354 Agmem
277 3285 306 3335 et
318 3284 414 3335 aurato
427 3274 551 3350 fulgebat
563 3275 695 3351 Apolline
708 3275 820 3354 puppis.

142 3357 297 3414 Sexcentos
311 3355 352 3413 illi
365 3355 481 3414 dederat
493 3353 652 3431 Populonia
664 3363 754 3436 mater

141 3435 283 3511 Expertus
296 3433 365 3492 belli
374 3436 514 3512 juvenes:
535 3441 578 3491 ast
591 3431 652 3490 Ilva
665 3440 805 3491 trecentos

142 3512 248 3587 Insula,
262 3512 438 3571 inexhaustis
452 3511 614 3587 Chalybum
628 3529 764 3586 generosa
777 3509 906 3569 metallis.

141 3589 270 3664 Tertius,
278 3590 325 3648 ille
339 3591 486 3649 hominurn
499 3588 651 3664 divumque
664 3589 800 3667 interpres
814 3589 925 3666 Asylas,
1044 3593 1100 3648 175

140 3668 197 3745 Coi
210 3668 350 3746 pecudum
363 3670 450 3744 fibrae,
464 3668 529 3726 coeli
542 3667 588 3725 cui
601 3667 692 3726 sidera
704 3675 812 3744 parent,

72 3753 76 3759 '
142 3747 183 3804 Et
194 3747 297 3822 lingue
311 3747 466 3822 voluerum,
480 3753 509 3804 et
521 3745 640 3820 presagi
653 3745 778 3804 fulminis
791 3746 881 3821 ignes,

141 3825 225 3884 Mille
239 3825 310 3902 rapit
323 3826 424 3883 densos
438 3826 498 3883 acie
513 3832 596 3898 atque
609 3821 785 3882 horrentibus
798 3823 895 3882 hastis.
937 3862 938 3866 =

143 3903 205 3962 Hos
218 3922 315 3980 parere
325 3903 427 3982 jubent
439 3901 561 3978 Alpheae
567 3899 610 3975 xab
623 3901 730 3976 origine
744 3901 829 3976 Pisas,
856 3951 858 3970 2

142 3981 219 4043 Urbs
232 3983 353 4040 Etnrsca
365 3981 434 4039 solo.
476 3979 607 4056 Sequitur
619 3979 822 4056 pulcherrimus
834 3979 930 4051 Astru,
1043 3983 1098 4038 180

140 4063 229 4122 Astur
242 4079 314 4136 equo
327 4061 427 4135 fidens,
441 4066 471 4117 et
482 4057 697 4118 versicoloribus
711 4057 802 4114 armis.
