2712 4488
522 527 634 584 LIBER
653 529 730 586 VIII.
982 529 987 541 “
1058 533 1112 588 alt

144 678 271 759 Adspice
285 678 333 757 qui
347 680 569 756 codantpopnli,
583 699 648 756 qum
662 681 768 740 menia
781 681 886 741 clausis
1055 687 1112 741 386

144 758 264 817 Ferrum
278 765 382 818 acuant
393 759 480 835 portis
493 759 525 815 in
537 778 585 818 me
599 760 801 837 excidIumque
815 779 956 820 meorum.

183 838 322 911 Dixerat3
343 847 378 896 et·
385 837 476 896 niveis
490 837 558 894 111110
573 845 658 914 atque
671 838 738 897 hinc
752 840 818 897 diva
830 837 946 900 lacertIs

144 915 334 975 Cunctantem
348 915 483 993 amplexu
497 916 575 973 molli
588 916 683 976 lovet:
705 917 755 974 ille
768 917 884 995 repente

144 995 266 1072 Accepit
276 995 390 1054 solitam
403 995 556 1070 flammam,
570 1004 712 1072 notusque
725 996 864 1055 medullas

145 1073 264 1132 Intravit
277 1073 361 1149 calor,
376 1083 406 1146 et
417 1073 556 1132 labefacto
568 1093 619 1151 per
631 1094 696 1133 osse
709 1075 850 1134 cucurrit:
1054 1079 1112 1134 390

144 1151 213 1210 Non
227 1149 309 1210 secus
323 1161 406 1229 etque
421 1153 488 1211 olim
502 1153 606 1212 tonitru
622 1173 709 1230 quum
723 1162 805 1232 rupte
817 1173 935 1213 corusco

145 1231 234 1307 Ignea
246 1232 317 1290 rima
330 1233 438 1290 micans
450 1232 587 1308 percurrit
599 1231 708 1292 lumine
721 1233 845 1292 nimbos.

146 1310 245 1369 Sensit
257 1311 322 1369 laeta
334 1310 406 1369 dolis
420 1318 450 1368 et
461 1310 558 1368 forme
571 1310 686 1370 conscia
698 1316 812 1391 conjux.

144 1389 220 1447 Tum
232 1397 313 1468 pater
326 1399 431 1448 aetemo
445 1389 517 1447 satur
531 1389 679 1448 devinctus
693 1409 807 1465 amore3

145 1468 224 1540 Quid
238 1488 338 1526 canses
351 1469 426 1546 petis
440 1487 476 1525 ex
490 1469 568 1526 alto?
589 1469 695 1527 fiducia
707 1469 793 1527 cessit

145 1545 211 1618 Qua
228 1547 289 1622 tibi,
305 1547 380 1621 diva,
395 1547 452 1604 mei
463 1549 476 1602 ?-
496 1546 595 1604 similis
610 1547 634 1604 si
647 1550 716 1605 oure
728 1547 836 1624 suisset,

144 1626 221 1683 Tum
235 1643 347 1703 quoque
360 1625 402 1683 fas
415 1624 497 1682 nobis
512 1626 639 1705 Teucros
653 1626 892 1699 0111111011ιὶ11οη-

144 1704 208 1762 Nec
221 1713 301 1781 pater
314 1704 492 1781 omnipotens
507 1704 623 1782 Trojam
637 1718 692 1765 nec
705 1705 762 1764 fata
774 1704 906 1775 vetabant

145 1785 235 1858 Stare,
250 1784 408 1859 decemque
423 1783 492 1840 alios
506 1783 653 1842 Priamum
667 1801 815 1862 superesse
828 1799 878 1857 per
891 1797 990 1838 ennos.

144 1863 184 1921 Et
197 1881 282 1938 nunc,
297 1861 322 1920 si
334 1861 440 1920 bellare
453 1881 545 1939 paras,
560 1870 644 1940 etque
657 1863 720 1922 11100
734 1863 784 1922 tibi
796 1877 877 1916 mens
891 1865 943 1935 est,
1051 1865 1109 1919 400

145 1941 292 2018 Quidquid
304 1942 335 1998 in
349 1949 407 1999 arte
421 1943 487 1999 meai
498 1961 616 2019 possum
629 1943 789 2020 promittere
802 1955 890 2014 curae,

145 2020 231 2092 Quod
245 2019 306 2078 fieri
319 2018 391 2077 ferro
405 2019 550 2097 liquidove
563 2029 656 2098 potest
670 2021 782 2091 electro,

144 2096 291 2171 erantdm
305 2099 387 2174 ignes
400 2101 559 2176 animaeque
573 2101 684 2167 valent3
707 2094 811 2152 absiste
823 2095 966 2172 precando

143 2178 260 2236 Viribus
273 2176 433 2236 indubitare
446 2179 511 2236 tuis.
552 2178 597 2236 Ea
608 2173 694 2233 verba
706 2172 826 2249 locutus,
1088 2249 1094 2260 ,

144 2256 262 2333 Optatos
276 2256 355 2315 dedit
368 2257 524 2334 amplexus,
538 2252 735 2331 placidumque
748 2252 851 2330 petivit
1051 2258 1108 2314 405

143 2337 282 2415 Conjngis
296 2335 405 2394 inlusus
419 2337 524 2412 gremio
537 2349 588 2408 per
600 2330 727 2388 membra
740 2351 881 2409 soporem.
1059 2354 1061 2357 ¹

183 2415 255 2473 Inde
269 2414 318 2474 ubi
330 2415 421 2492 prima
434 2415 523 2492 quies,
538 2408 631 2466 medio
641 2413 704 2488 Jam
716 2412 810 2470 noctis
823 2412 930 2472 abactae

142 2495 301 2570 Curriculo,
316 2494 463 2571 expulerat
475 2507 605 2546 somnum
616 2509 624 2562 ;
645 2508 733 2566 quum
746 2490 864 2551 soemina
875 2489 1010 2572 primdm,

142 2573 198 2631 Cui
211 2573 329 2632 tolerare
342 2574 403 2632 colo
416 2570 502 2627 ritem
516 2567 798 2645 tenuique-MInervti

144 2651 320 2728 Impositum,
335 2652 457 2707 cinerem
471 2654 500 2704 et
512 2646 619 2723 sopitos
632 2648 748 2707 suscitet
760 2649 851 2725 ignes,
1050 2657 1107 2710 410

142 2731 265 2788 Noctem
279 2731 383 2788 addens
397 2725 484 2800 operi,
499 2723 675 2801 famulasque
689 2727 724 2783 ad
737 2727 847 2787 lumina
859 2728 945 2804 longo

142 2810 268 2866 Exercet
278 2823 377 2885 penso,
391 2810 500 2860 costum
513 2811 541 2863 ul
559 2822 671 2861 servare
685 2805 778 2863 cubile

142 2887 289 2966 Conjugis,
303 2892 331 2941 et
343 2881 431 2958 possit
443 2899 544 2956 parvos
558 2881 681 2939 educere
695 2891 794 2941 natos:

143 2966 228 3022 Haud
242 2961 322 3022 secus
336 2957 508 3036 ignipotens,
521 2977 575 3018 nec
590 2968 717 3036 tempore
731 2962 846 3037 segnior
857 2962 918 3038 illo,

142 3043 278 3102 Mollibus
292 3059 308 3096 e
321 3037 413 3096 stratis
426 3056 512 3114 opera
526 3039 562 3095 ad
574 3037 685 3096 fabrilia
697 3040 795 3115 surgit.
1050 3048 1107 3103 415

141 3121 237 3180 Insula
251 3117 394 3176 Sicanium
404 3119 488 3195 juxta
500 3117 572 3176 latus
587 3117 769 3195 AEoliemque
911 3184 912 3190 ,

141 3200 265 3276 Erigitur
277 3195 411 3272 Liparen,
425 3195 599 3254 fumantibus
610 3197 696 3256 ardua
709 3198 804 3271 saxis3

142 3281 234 3350 Quam
249 3275 345 3334 subter
357 3293 459 3352 specus
473 3283 502 3333 et
515 3275 676 3352 Cyclopum
691 3295 778 3335 exesa
791 3277 910 3338 caminis

139 3360 228 3415 Antra
241 3355 355 3414 AEtnaea
367 3362 475 3430 tonant,
490 3355 633 3432 validique
646 3355 800 3415 incudibus
812 3355 885 3414 ictus

139 3435 238 3493 Auditi
251 3433 375 3492 relemnt
388 3434 533 3511 gemitum,
548 3435 724 3512 striduntque
738 3435 866 3496 cavernis
1049 3445 1107 3499 420

140 3514 283 3571 saletum
298 3512 460 3590 chalybum,
475 3521 504 3572 et
516 3513 679 3572 fornacibus
692 3515 765 3591 ignis
780 3515 912 3574 anhelat:

139 3591 263 3649 Vulcani
276 3592 386 3667 domus,
402 3601 432 3650 et
443 3592 587 3650 Vulcania
598 3593 714 3650 nomine
728 3595 820 3652 tellus.

140 3671 207 3728 Hoc
221 3678 288 3728 tunc
301 3669 462 3748 ignipotens
475 3670 548 3729 crelo
562 3673 711 3732 descendit
724 3672 759 3730 ab
774 3673 838 3732 ulto.

139 3751 259 3808 Ferrum
274 3748 444 3807 exercebant
455 3757 536 3807 vasto
549 3750 692 3828 Cyclopes
706 3751 735 3809 in
750 3759 839 3829 antro,
944 3797 946 3804 «

139 3830 326 3904 Brontesque,
343 3827 541 3905 Steropesque,
555 3836 583 3886 et
596 3831 689 3887 nudus
703 3831 832 3890 membra
845 3831 1013 3909 Pyracmon.
1047 3837 1105 3892 400

140 3907 195 3966 His
208 3906 386 3964 informatum
400 3907 539 3982 manibus,
551 3909 610 3985 jam
624 3916 703 3986 parte
716 3910 814 3987 politti,
907 3975 911 3982 -

140 3987 265 4046 Fulrren
279 3991 346 4060 erat,
361 3992 418 4044 toto
433 3985 618 4062 genitorque
632 3987 754 4064 plurima
767 3989 838 4046 coelo

140 4066 247 4144 Dejicit
259 4065 288 4123 in
301 4071 397 4140 terras,
411 4083 477 4142 pars
490 4063 652 4136 imperfecta
664 4067 805 4126 manebat.
