<?xml version="1.0" encoding="UTF-8"?>
<!DOCTYPE html PUBLIC "-//W3C//DTD XHTML 1.0 Transitional//EN"
    "http://www.w3.org/TR/xhtml1/DTD/xhtml1-transitional.dtd">
<html xmlns="http://www.w3.org/1999/xhtml" xml:lang="en" lang="en">
 <head>
  <title>
</title>
<meta http-equiv="Content-Type" content="text/html;charset=utf-8" />
  <meta name='ocr-system' content='tesseract 3.04.00' />
  <meta name='ocr-capabilities' content='ocr_page ocr_carea ocr_par ocr_line ocrx_word'/>
</head>
<body>
  <div class='ocr_page' id='page_1' title='image "./bucolicageorgic06virggoog/bucolicageorgic06virggoog_0108.png"; bbox 0 0 3076 4514; ppageno 0'>
   <div class='ocr_carea' id='block_1_1' title="bbox 457 340 1143 397">
    <p class='ocr_par' dir='ltr' id='par_1_1' title="bbox 457 340 1143 397">
     <span class='ocr_line' id='line_1_1' title="bbox 457 340 1143 397; baseline 0.001 -1"><span class='ocrx_word' id='word_1_1' title='bbox 457 377 460 384; x_wconf 75' lang='grc'><em>»</em></span> <span class='ocrx_word' id='word_1_2' title='bbox 577 340 691 396; x_wconf 76' lang='lat' dir='ltr'><strong>LIBER</strong></span> <span class='ocrx_word' id='word_1_3' title='bbox 709 341 746 396; x_wconf 83' lang='lat' dir='ltr'><strong>ll.</strong></span> <span class='ocrx_word' id='word_1_4' title='bbox 1108 343 1143 397; x_wconf 87' lang='grc'><strong>99</strong></span> 
     </span>
    </p>
   </div>
   <div class='ocr_carea' id='block_1_2' title="bbox 178 487 1143 1040">
    <p class='ocr_par' dir='ltr' id='par_1_2' title="bbox 178 487 914 570">
     <span class='ocr_line' id='line_1_2' title="bbox 178 487 914 570; baseline 0.007 -23"><span class='ocrx_word' id='word_1_5' title='bbox 178 490 369 565; x_wconf 79' lang='lat' dir='ltr'><strong>Dmdauidre3</strong></span> <span class='ocrx_word' id='word_1_6' title='bbox 390 491 440 570; x_wconf 87' lang='lat' dir='ltr'><strong>qni</strong></span> <span class='ocrx_word' id='word_1_7' title='bbox 452 509 483 550; x_wconf 88' lang='lat' dir='ltr'><strong>ae</strong></span> <span class='ocrx_word' id='word_1_8' title='bbox 495 491 623 570; x_wconf 72' lang='lat' dir='ltr'><strong>ignotum</strong></span> <span class='ocrx_word' id='word_1_9' title='bbox 637 487 818 552; x_wconf 75' lang='lat' dir='ltr'><strong>venientibus</strong></span> <span class='ocrx_word' id='word_1_10' title='bbox 831 492 914 570; x_wconf 87' lang='lat' dir='ltr'><strong>ultro,</strong></span> 
     </span>
    </p>

    <p class='ocr_par' dir='ltr' id='par_1_3' title="bbox 179 565 1142 728">
     <span class='ocr_line' id='line_1_3' title="bbox 179 565 1142 649; baseline 0.006 -23"><span class='ocrx_word' id='word_1_11' title='bbox 179 569 245 628; x_wconf 89' lang='lat' dir='ltr'><strong>Hoc</strong></span> <span class='ocrx_word' id='word_1_12' title='bbox 259 569 351 647; x_wconf 88' lang='lat' dir='ltr'><strong>ipsum</strong></span> <span class='ocrx_word' id='word_1_13' title='bbox 365 579 396 629; x_wconf 88' lang='lat' dir='ltr'><strong>ut</strong></span> <span class='ocrx_word' id='word_1_14' title='bbox 409 577 537 645; x_wconf 84' lang='lat' dir='ltr'><strong>strueret,</strong></span> <span class='ocrx_word' id='word_1_15' title='bbox 552 565 727 648; x_wconf 78' lang='lat' dir='ltr'><strong>Trojamque</strong></span> <span class='ocrx_word' id='word_1_16' title='bbox 741 570 863 648; x_wconf 88' lang='lat' dir='ltr'><strong>aperiret</strong></span> <span class='ocrx_word' id='word_1_17' title='bbox 874 571 1003 649; x_wconf 77' lang='lat' dir='ltr'><strong>Achivis,</strong></span> <span class='ocrx_word' id='word_1_18' title='bbox 1103 577 1142 632; x_wconf 79' lang='grc'><strong>60</strong></span> 
     </span>
     <span class='ocr_line' id='line_1_4' title="bbox 179 647 993 728; baseline 0.004 -22"><span class='ocrx_word' id='word_1_19' title='bbox 179 647 337 725; x_wconf 77' lang='lat' dir='ltr'><strong>Obtulerat,</strong></span> <span class='ocrx_word' id='word_1_20' title='bbox 352 649 443 708; x_wconf 86' lang='lat' dir='ltr'><strong>fidens</strong></span> <span class='ocrx_word' id='word_1_21' title='bbox 457 649 554 724; x_wconf 88' lang='lat' dir='ltr'><strong>animi,</strong></span> <span class='ocrx_word' id='word_1_22' title='bbox 568 657 652 726; x_wconf 89' lang='lat' dir='ltr'><strong>atque</strong></span> <span class='ocrx_word' id='word_1_23' title='bbox 665 650 695 708; x_wconf 89' lang='lat' dir='ltr'><strong>in</strong></span> <span class='ocrx_word' id='word_1_24' title='bbox 709 657 858 727; x_wconf 86' lang='lat' dir='ltr'><strong>utrumque</strong></span> <span class='ocrx_word' id='word_1_25' title='bbox 870 658 993 728; x_wconf 86' lang='lat' dir='ltr'><strong>paratus,</strong></span> 
     </span>
    </p>

    <p class='ocr_par' dir='ltr' id='par_1_4' title="bbox 180 727 974 805">
     <span class='ocr_line' id='line_1_5' title="bbox 180 727 974 805; baseline 0.005 -21"><span class='ocrx_word' id='word_1_26' title='bbox 180 727 239 784; x_wconf 89' lang='lat' dir='ltr'><strong>Seu</strong></span> <span class='ocrx_word' id='word_1_27' title='bbox 252 746 363 786; x_wconf 90' lang='lat' dir='ltr'><strong>versare</strong></span> <span class='ocrx_word' id='word_1_28' title='bbox 377 728 467 805; x_wconf 85' lang='lat' dir='ltr'><strong>dolos,</strong></span> <span class='ocrx_word' id='word_1_29' title='bbox 481 747 533 786; x_wconf 83' lang='lat' dir='ltr'><strong>aen</strong></span> <span class='ocrx_word' id='word_1_30' title='bbox 547 736 632 786; x_wconf 82' lang='lat' dir='ltr'><strong>certae</strong></span> <span class='ocrx_word' id='word_1_31' title='bbox 646 727 815 786; x_wconf 86' lang='lat' dir='ltr'><strong>occumbere</strong></span> <span class='ocrx_word' id='word_1_32' title='bbox 828 729 920 788; x_wconf 78' lang='lat' dir='ltr'><strong>morti.</strong></span> <span class='ocrx_word' id='word_1_33' title='bbox 970 759 974 768; x_wconf 92' lang='lat'>·</span> 
     </span>
    </p>

    <p class='ocr_par' dir='ltr' id='par_1_5' title="bbox 178 804 873 886">
     <span class='ocr_line' id='line_1_6' title="bbox 178 804 873 886; baseline 0.003 -22"><span class='ocrx_word' id='word_1_34' title='bbox 178 804 315 881; x_wconf 88' lang='lat' dir='ltr'>Undique</span> <span class='ocrx_word' id='word_1_35' title='bbox 327 807 438 866; x_wconf 87' lang='lat' dir='ltr'><strong>visendi</strong></span> <span class='ocrx_word' id='word_1_36' title='bbox 451 806 544 866; x_wconf 87' lang='lat' dir='ltr'><strong>studio</strong></span> <span class='ocrx_word' id='word_1_37' title='bbox 558 806 684 886; x_wconf 77' lang='lat' dir='ltr'><strong>Trojano</strong></span> <span class='ocrx_word' id='word_1_38' title='bbox 693 809 829 885; x_wconf 83' lang='lat' dir='ltr'><strong>juventus</strong></span> <span class='ocrx_word' id='word_1_39' title='bbox 871 818 873 822; x_wconf 82' lang='grc'><strong>“</strong></span> 
     </span>
    </p>

    <p class='ocr_par' dir='ltr' id='par_1_6' title="bbox 179 882 851 964">
     <span class='ocr_line' id='line_1_7' title="bbox 179 882 851 964; baseline 0.006 -25"><span class='ocrx_word' id='word_1_40' title='bbox 179 882 358 943; x_wconf 75' lang='lat' dir='ltr'><strong>Circumfusa</strong></span> <span class='ocrx_word' id='word_1_41' title='bbox 370 887 435 962; x_wconf 84' lang='lat' dir='ltr'><strong>ruit,</strong></span> <span class='ocrx_word' id='word_1_42' title='bbox 448 893 614 963; x_wconf 78' lang='lat' dir='ltr'><strong>certantque</strong></span> <span class='ocrx_word' id='word_1_43' title='bbox 627 885 746 946; x_wconf 81' lang='lat' dir='ltr'><strong>illudere</strong></span> <span class='ocrx_word' id='word_1_44' title='bbox 759 893 851 964; x_wconf 87' lang='lat' dir='ltr'><strong>capto.</strong></span> 
     </span>
    </p>

    <p class='ocr_par' dir='ltr' id='par_1_7' title="bbox 178 961 1143 1040">
     <span class='ocr_line' id='line_1_8' title="bbox 178 961 1143 1040; baseline 0.004 -20"><span class='ocrx_word' id='word_1_45' title='bbox 178 961 289 1039; x_wconf 79' lang='lat' dir='ltr'><strong>Accipe</strong></span> <span class='ocrx_word' id='word_1_46' title='bbox 303 981 379 1022; x_wconf 90' lang='lat' dir='ltr'><strong>nunc</strong></span> <span class='ocrx_word' id='word_1_47' title='bbox 392 964 526 1027; x_wconf 88' lang='lat' dir='ltr'><strong>Danairm</strong></span> <span class='ocrx_word' id='word_1_48' title='bbox 539 965 676 1038; x_wconf 79' lang='lat' dir='ltr'><strong>insidias3</strong></span> <span class='ocrx_word' id='word_1_49' title='bbox 698 971 728 1024; x_wconf 89' lang='lat' dir='ltr'><strong>et</strong></span> <span class='ocrx_word' id='word_1_50' title='bbox 740 965 858 1024; x_wconf 86' lang='lat' dir='ltr'><strong>erimine</strong></span> <span class='ocrx_word' id='word_1_51' title='bbox 871 963 906 1040; x_wconf 84' lang='lat' dir='ltr'><strong>ab</strong></span> <span class='ocrx_word' id='word_1_52' title='bbox 920 985 978 1026; x_wconf 88' lang='lat' dir='ltr'><strong>nno</strong></span> <span class='ocrx_word' id='word_1_53' title='bbox 1105 971 1143 1024; x_wconf 80' lang='lat'><strong>65</strong></span> 
     </span>
    </p>
   </div>
   <div class='ocr_carea' id='block_1_3' title="bbox 75 1041 389 1103">
    <p class='ocr_par' dir='ltr' id='par_1_8' title="bbox 75 1041 389 1103">
     <span class='ocr_line' id='line_1_9' title="bbox 75 1041 389 1103; baseline 0 -3"><span class='ocrx_word' id='word_1_54' title='bbox 75 1041 78 1048; x_wconf 84' lang='lat'>&#39;</span> <span class='ocrx_word' id='word_1_55' title='bbox 177 1041 267 1102; x_wconf 84' lang='lat' dir='ltr'><strong>Biace</strong></span> <span class='ocrx_word' id='word_1_56' title='bbox 281 1060 389 1103; x_wconf 75' lang='lat' dir='ltr'><strong>omnes</strong></span> 
     </span>
    </p>
   </div>
   <div class='ocr_carea' id='block_1_4' title="bbox 177 1121 1064 1359">
    <p class='ocr_par' dir='ltr' id='par_1_9' title="bbox 177 1121 1064 1359">
     <span class='ocr_line' id='line_1_10' title="bbox 177 1121 978 1201; baseline 0.001 -21"><span class='ocrx_word' id='word_1_57' title='bbox 177 1121 313 1196; x_wconf 89' lang='lat' dir='ltr'><strong>Namque</strong></span> <span class='ocrx_word' id='word_1_58' title='bbox 326 1131 358 1182; x_wconf 93' lang='lat' dir='ltr'><strong>ut</strong></span> <span class='ocrx_word' id='word_1_59' title='bbox 370 1131 525 1200; x_wconf 87' lang='lat' dir='ltr'><strong>conspectu</strong></span> <span class='ocrx_word' id='word_1_60' title='bbox 538 1123 568 1182; x_wconf 90' lang='lat' dir='ltr'><strong>in</strong></span> <span class='ocrx_word' id='word_1_61' title='bbox 582 1123 688 1198; x_wconf 87' lang='lat' dir='ltr'><strong>medio,</strong></span> <span class='ocrx_word' id='word_1_62' title='bbox 701 1121 838 1199; x_wconf 80' lang='lat' dir='ltr'><strong>turbatus,</strong></span> <span class='ocrx_word' id='word_1_63' title='bbox 851 1123 978 1201; x_wconf 78' lang='lat' dir='ltr'><strong>inermia,</strong></span> 
     </span>
     <span class='ocr_line' id='line_1_11' title="bbox 178 1199 1019 1280; baseline 0.002 -22"><span class='ocrx_word' id='word_1_64' title='bbox 178 1199 326 1279; x_wconf 84' lang='lat' dir='ltr'><strong>Constitit,</strong></span> <span class='ocrx_word' id='word_1_65' title='bbox 334 1211 418 1280; x_wconf 89' lang='lat' dir='ltr'><strong>atqne</strong></span> <span class='ocrx_word' id='word_1_66' title='bbox 431 1202 522 1262; x_wconf 90' lang='lat' dir='ltr'><strong>oculis</strong></span> <span class='ocrx_word' id='word_1_67' title='bbox 534 1201 661 1280; x_wconf 81' lang='lat' dir='ltr'><strong>Phrygia</strong></span> <span class='ocrx_word' id='word_1_68' title='bbox 674 1201 788 1278; x_wconf 76' lang='lat' dir='ltr'><strong>agmina</strong></span> <span class='ocrx_word' id='word_1_69' title='bbox 800 1202 1019 1280; x_wconf 79' lang='lat' dir='ltr'><strong>circumspexit:</strong></span> 
     </span>
     <span class='ocr_line' id='line_1_12' title="bbox 178 1277 1064 1359; baseline 0.003 -22"><span class='ocrx_word' id='word_1_70' title='bbox 178 1277 266 1338; x_wconf 85' lang='lat' dir='ltr'><strong>Heu!</strong></span> <span class='ocrx_word' id='word_1_71' title='bbox 290 1301 353 1359; x_wconf 78' lang='lat' dir='ltr'><strong>quae</strong></span> <span class='ocrx_word' id='word_1_72' title='bbox 368 1300 444 1340; x_wconf 87' lang='lat' dir='ltr'><strong>nunc</strong></span> <span class='ocrx_word' id='word_1_73' title='bbox 456 1280 551 1356; x_wconf 87' lang='lat' dir='ltr'><strong>tellus,</strong></span> <span class='ocrx_word' id='word_1_74' title='bbox 565 1279 667 1356; x_wconf 84' lang='lat' dir='ltr'><strong>inquit,</strong></span> <span class='ocrx_word' id='word_1_75' title='bbox 681 1299 744 1358; x_wconf 83' lang='lat' dir='ltr'><strong>quae</strong></span> <span class='ocrx_word' id='word_1_76' title='bbox 757 1299 805 1339; x_wconf 89' lang='lat' dir='ltr'><strong>me</strong></span> <span class='ocrx_word' id='word_1_77' title='bbox 819 1283 934 1358; x_wconf 84' lang='lat' dir='ltr'><strong>aequora</strong></span> <span class='ocrx_word' id='word_1_78' title='bbox 945 1288 1064 1358; x_wconf 85' lang='lat' dir='ltr'><strong>possunt</strong></span> 
     </span>
    </p>
   </div>
   <div class='ocr_carea' id='block_1_5' title="bbox 75 1357 1142 1452">
    <p class='ocr_par' dir='ltr' id='par_1_10' title="bbox 75 1357 1142 1452">
     <span class='ocr_line' id='line_1_13' title="bbox 75 1357 1142 1452; baseline 0 -34"><span class='ocrx_word' id='word_1_79' title='bbox 75 1409 80 1418; x_wconf 93' lang='lat'>.</span> <span class='ocrx_word' id='word_1_80' title='bbox 177 1359 341 1452; x_wconf 78' lang='lat' dir='ltr'><strong>Accipere?</strong></span> <span class='ocrx_word' id='word_1_81' title='bbox 356 1359 485 1436; x_wconf 86' lang='lat' dir='ltr'><strong>autquid</strong></span> <span class='ocrx_word' id='word_1_82' title='bbox 493 1361 556 1436; x_wconf 88' lang='lat' dir='ltr'><strong>jam</strong></span> <span class='ocrx_word' id='word_1_83' title='bbox 570 1359 674 1416; x_wconf 89' lang='lat' dir='ltr'><strong>misero</strong></span> <span class='ocrx_word' id='word_1_84' title='bbox 687 1357 759 1416; x_wconf 89' lang='lat' dir='ltr'><strong>mihi</strong></span> <span class='ocrx_word' id='word_1_85' title='bbox 772 1359 895 1435; x_wconf 89' lang='lat' dir='ltr'><strong>denique</strong></span> <span class='ocrx_word' id='word_1_86' title='bbox 908 1367 1004 1436; x_wconf 84' lang='lat' dir='ltr'><strong>restat,</strong></span> <span class='ocrx_word' id='word_1_87' title='bbox 1105 1362 1142 1418; x_wconf 74' lang='lat'><strong>&#39;10</strong></span> 
     </span>
    </p>
   </div>
   <div class='ocr_carea' id='block_1_6' title="bbox 103 1436 1192 3567">
    <p class='ocr_par' dir='ltr' id='par_1_11' title="bbox 177 1436 1143 1913">
     <span class='ocr_line' id='line_1_14' title="bbox 179 1436 1007 1517; baseline 0.001 -20"><span class='ocrx_word' id='word_1_88' title='bbox 179 1437 237 1497; x_wconf 84' lang='lat' dir='ltr'><strong>Cm</strong></span> <span class='ocrx_word' id='word_1_89' title='bbox 249 1456 343 1517; x_wconf 89' lang='lat' dir='ltr'><strong>neque</strong></span> <span class='ocrx_word' id='word_1_90' title='bbox 357 1439 433 1514; x_wconf 85' lang='lat' dir='ltr'><strong>apud</strong></span> <span class='ocrx_word' id='word_1_91' title='bbox 445 1437 563 1497; x_wconf 86' lang='lat' dir='ltr'><strong>Danaos</strong></span> <span class='ocrx_word' id='word_1_92' title='bbox 576 1454 697 1513; x_wconf 88' lang='lat' dir='ltr'><strong>usquam</strong></span> <span class='ocrx_word' id='word_1_93' title='bbox 709 1436 801 1512; x_wconf 85' lang='lat' dir='ltr'><strong>loeus,·</strong></span> <span class='ocrx_word' id='word_1_94' title='bbox 814 1444 843 1494; x_wconf 89' lang='lat' dir='ltr'><strong>et</strong></span> <span class='ocrx_word' id='word_1_95' title='bbox 855 1455 940 1514; x_wconf 82' lang='lat' dir='ltr'><strong>super</strong></span> <span class='ocrx_word' id='word_1_96' title='bbox 952 1439 1007 1516; x_wconf 85' lang='lat' dir='ltr'><strong>ipsi</strong></span> 
     </span>
     <span class='ocr_line' id='line_1_15' title="bbox 177 1515 969 1593; baseline 0 -19"><span class='ocrx_word' id='word_1_97' title='bbox 177 1515 351 1576; x_wconf 74' lang='lat' dir='ltr'><strong>Dardanide</strong></span> <span class='ocrx_word' id='word_1_98' title='bbox 365 1516 469 1574; x_wconf 81' lang='lat' dir='ltr'><strong>infensi</strong></span> <span class='ocrx_word' id='word_1_99' title='bbox 481 1535 581 1592; x_wconf 82' lang='lat' dir='ltr'><strong>poenas</strong></span> <span class='ocrx_word' id='word_1_100' title='bbox 594 1535 661 1574; x_wconf 90' lang='lat' dir='ltr'><strong>cum</strong></span> <span class='ocrx_word' id='word_1_101' title='bbox 674 1515 812 1592; x_wconf 81' lang='lat' dir='ltr'><strong>sangnine</strong></span> <span class='ocrx_word' id='word_1_102' title='bbox 824 1519 969 1593; x_wconf 80' lang='lat' dir='ltr'><strong>poscunt?</strong></span> 
     </span>
     <span class='ocr_line' id='line_1_16' title="bbox 180 1594 1075 1674; baseline -0.002 -21"><span class='ocrx_word' id='word_1_103' title='bbox 180 1594 246 1666; x_wconf 80' lang='lat' dir='ltr'><strong>Quo</strong></span> <span class='ocrx_word' id='word_1_104' title='bbox 259 1596 367 1674; x_wconf 84' lang='lat' dir='ltr'><strong>gemitu</strong></span> <span class='ocrx_word' id='word_1_105' title='bbox 381 1595 510 1657; x_wconf 86' lang='lat' dir='ltr'><strong>conversi</strong></span> <span class='ocrx_word' id='word_1_106' title='bbox 524 1595 621 1670; x_wconf 87' lang='lat' dir='ltr'><strong>animi,</strong></span> <span class='ocrx_word' id='word_1_107' title='bbox 636 1613 815 1673; x_wconf 86' lang='lat' dir='ltr'><strong>compressus</strong></span> <span class='ocrx_word' id='word_1_108' title='bbox 827 1594 857 1653; x_wconf 88' lang='lat' dir='ltr'><strong>et</strong></span> <span class='ocrx_word' id='word_1_109' title='bbox 870 1595 962 1661; x_wconf 83' lang='lat' dir='ltr'><strong>omnis</strong></span> <span class='ocrx_word' id='word_1_110' title='bbox 1071 1659 1075 1668; x_wconf 53' lang='grc'>,</span> 
     </span>
     <span class='ocr_line' id='line_1_17' title="bbox 179 1669 937 1769; baseline -0.001 -37"><span class='ocrx_word' id='word_1_111' title='bbox 179 1674 308 1769; x_wconf 89' lang='lat' dir='ltr'><strong>Impetus</strong></span> <span class='ocrx_word' id='word_1_112' title='bbox 320 1696 327 1734; x_wconf 74' lang='grc' dir='ltr'><em>τ</em></span> <span class='ocrx_word' id='word_1_113' title='bbox 349 1674 494 1734; x_wconf 85' lang='lat' dir='ltr'><strong>hortamur</strong></span> <span class='ocrx_word' id='word_1_114' title='bbox 506 1673 567 1751; x_wconf 85' lang='lat' dir='ltr'><strong>t&#39;ari,</strong></span> <span class='ocrx_word' id='word_1_115' title='bbox 582 1693 639 1751; x_wconf 89' lang='lat' dir='ltr'><strong>quo</strong></span> <span class='ocrx_word' id='word_1_116' title='bbox 653 1673 792 1752; x_wconf 80' lang='lat' dir='ltr'><strong>saugrrine</strong></span> <span class='ocrx_word' id='word_1_117' title='bbox 806 1681 909 1751; x_wconf 87' lang='lat' dir='ltr'><strong>cretus,</strong></span> <span class='ocrx_word' id='word_1_118' title='bbox 929 1669 937 1750; x_wconf 51' lang='lat' dir='ltr'>J</span> 
     </span>
     <span class='ocr_line' id='line_1_18' title="bbox 179 1753 1143 1832; baseline -0.004 -17"><span class='ocrx_word' id='word_1_119' title='bbox 179 1753 294 1825; x_wconf 78' lang='lat' dir='ltr'><strong>Quidve</strong></span> <span class='ocrx_word' id='word_1_120' title='bbox 307 1755 379 1815; x_wconf 81' lang='lat' dir='ltr'><strong>serat</strong></span> <span class='ocrx_word' id='word_1_121' title='bbox 391 1761 538 1831; x_wconf 86' lang='lat' dir='ltr'><strong>memoret,</strong></span> <span class='ocrx_word' id='word_1_122' title='bbox 552 1771 616 1830; x_wconf 87' lang='lat' dir='ltr'><strong>quae</strong></span> <span class='ocrx_word' id='word_1_123' title='bbox 631 1753 668 1812; x_wconf 89' lang='lat' dir='ltr'><strong>sit</strong></span> <span class='ocrx_word' id='word_1_124' title='bbox 680 1753 787 1813; x_wconf 88' lang='lat' dir='ltr'><strong>fiducia</strong></span> <span class='ocrx_word' id='word_1_125' title='bbox 799 1761 891 1832; x_wconf 83' lang='lat' dir='ltr'><strong>capto.</strong></span> <span class='ocrx_word' id='word_1_126' title='bbox 1105 1755 1143 1812; x_wconf 77' lang='lat' dir='ltr'><strong>tn</strong></span> 
     </span>
     <span class='ocr_line' id='line_1_19' title="bbox 181 1828 1014 1913; baseline -0.006 -19"><span class='ocrx_word' id='word_1_127' title='bbox 181 1833 250 1910; x_wconf 83' lang='lat' dir='ltr'><strong>[lile</strong></span> <span class='ocrx_word' id='word_1_128' title='bbox 263 1835 337 1911; x_wconf 82' lang='lat' dir='ltr'><strong>haec,</strong></span> <span class='ocrx_word' id='word_1_129' title='bbox 352 1833 481 1913; x_wconf 77' lang='lat' dir='ltr'><strong>depositi</strong></span> <span class='ocrx_word' id='word_1_130' title='bbox 492 1834 609 1892; x_wconf 89' lang='lat' dir='ltr'><strong>tandem</strong></span> <span class='ocrx_word' id='word_1_131' title='bbox 622 1831 783 1909; x_wconf 81' lang='lat' dir='ltr'><strong>formidine,</strong></span> <span class='ocrx_word' id='word_1_132' title='bbox 797 1832 871 1891; x_wconf 83' lang='lat' dir='ltr'><strong>fatur</strong></span> <span class='ocrx_word' id='word_1_133' title='bbox 883 1833 906 1910; x_wconf 76' lang='lat' dir='ltr'><strong>z]</strong></span> <span class='ocrx_word' id='word_1_134' title='bbox 1012 1828 1014 1832; x_wconf 74' lang='grc'>’</span> 
     </span>
    </p>

    <p class='ocr_par' dir='ltr' id='par_1_12' title="bbox 103 1908 1192 3567">
     <span class='ocr_line' id='line_1_20' title="bbox 216 1908 1067 1990; baseline -0.005 -18"><span class='ocrx_word' id='word_1_135' title='bbox 216 1913 328 1974; x_wconf 87' lang='lat' dir='ltr'><strong>Cuncta</strong></span> <span class='ocrx_word' id='word_1_136' title='bbox 341 1913 474 1990; x_wconf 85' lang='lat' dir='ltr'><strong>equidem</strong></span> <span class='ocrx_word' id='word_1_137' title='bbox 487 1911 550 1989; x_wconf 88' lang='lat' dir='ltr'><strong>tibi,</strong></span> <span class='ocrx_word' id='word_1_138' title='bbox 563 1931 624 1987; x_wconf 88' lang='lat' dir='ltr'><strong>rex,</strong></span> <span class='ocrx_word' id='word_1_139' title='bbox 637 1911 723 1982; x_wconf 82' lang='lat' dir='ltr'><strong>fuerit</strong></span> <span class='ocrx_word' id='word_1_140' title='bbox 735 1908 944 1988; x_wconf 88' lang='lat' dir='ltr'><strong>quodcumque,</strong></span> <span class='ocrx_word' id='word_1_141' title='bbox 957 1909 1067 1970; x_wconf 80' lang='lat' dir='ltr'><strong>fatebor</strong></span> 
     </span>
     <span class='ocr_line' id='line_1_21' title="bbox 177 1988 1000 2070; baseline -0.002 -20"><span class='ocrx_word' id='word_1_142' title='bbox 177 1991 264 2070; x_wconf 86' lang='lat' dir='ltr'><strong>Vera,</strong></span> <span class='ocrx_word' id='word_1_143' title='bbox 273 1993 388 2070; x_wconf 86' lang='lat' dir='ltr'><strong>inquit:</strong></span> <span class='ocrx_word' id='word_1_144' title='bbox 408 2010 503 2069; x_wconf 87' lang='lat' dir='ltr'><strong>nequa</strong></span> <span class='ocrx_word' id='word_1_145' title='bbox 516 2009 564 2050; x_wconf 83' lang='lat' dir='ltr'><strong>me</strong></span> <span class='ocrx_word' id='word_1_146' title='bbox 576 1989 761 2067; x_wconf 68' lang='lat' dir='ltr'><strong>Argolicam</strong></span> <span class='ocrx_word' id='word_1_147' title='bbox 773 1997 859 2069; x_wconf 75' lang='lat' dir='ltr'><strong>gente</strong></span> <span class='ocrx_word' id='word_1_148' title='bbox 871 1988 1000 2067; x_wconf 75' lang='lat' dir='ltr'><strong>negab03</strong></span> 
     </span>
     <span class='ocr_line' id='line_1_22' title="bbox 177 2069 946 2166; baseline -0.001 -37"><span class='ocrx_word' id='word_1_149' title='bbox 177 2069 243 2130; x_wconf 90' lang='lat' dir='ltr'><strong>Hoc</strong></span> <span class='ocrx_word' id='word_1_150' title='bbox 256 2069 398 2166; x_wconf 77' lang='lat' dir='ltr'><strong>primdm:</strong></span> <span class='ocrx_word' id='word_1_151' title='bbox 418 2090 483 2148; x_wconf 87' lang='lat' dir='ltr'><strong>nec,</strong></span> <span class='ocrx_word' id='word_1_152' title='bbox 497 2069 522 2130; x_wconf 89' lang='lat' dir='ltr'><strong>ai</strong></span> <span class='ocrx_word' id='word_1_153' title='bbox 535 2070 670 2129; x_wconf 82' lang='lat' dir='ltr'><strong>miserum</strong></span> <span class='ocrx_word' id='word_1_154' title='bbox 683 2069 795 2130; x_wconf 80' lang='lat' dir='ltr'><strong>fortuna</strong></span> <span class='ocrx_word' id='word_1_155' title='bbox 807 2069 946 2128; x_wconf 80' lang='lat' dir='ltr'><strong>Sinonem</strong></span> 
     </span>
     <span class='ocr_line' id='line_1_23' title="bbox 176 2147 1192 2230; baseline -0.005 -20"><span class='ocrx_word' id='word_1_156' title='bbox 176 2149 285 2230; x_wconf 79' lang='lat' dir='ltr'><strong>Finxit,</strong></span> <span class='ocrx_word' id='word_1_157' title='bbox 299 2170 407 2212; x_wconf 90' lang='lat' dir='ltr'><strong>vanum</strong></span> <span class='ocrx_word' id='word_1_158' title='bbox 420 2151 507 2210; x_wconf 84' lang='lat' dir='ltr'><strong>etiam</strong></span> <span class='ocrx_word' id='word_1_159' title='bbox 520 2147 746 2227; x_wconf 72' lang='lat' dir='ltr'><strong>mendacemque</strong></span> <span class='ocrx_word' id='word_1_160' title='bbox 759 2149 889 2228; x_wconf 89' lang='lat' dir='ltr'><strong>improba</strong></span> <span class='ocrx_word' id='word_1_161' title='bbox 901 2147 997 2227; x_wconf 74' lang='lat' dir='ltr'><strong>finget</strong></span> <span class='ocrx_word' id='word_1_162' title='bbox 1106 2151 1144 2205; x_wconf 81' lang='grc'><strong>80</strong></span> <span class='ocrx_word' id='word_1_163' title='bbox 1189 2212 1192 2220; x_wconf 55' lang='grc'>,</span> 
     </span>
     <span class='ocr_line' id='line_1_24' title="bbox 176 2225 905 2310; baseline -0.003 -22"><span class='ocrx_word' id='word_1_164' title='bbox 176 2229 277 2290; x_wconf 83' lang='lat' dir='ltr'><strong>Fando</strong></span> <span class='ocrx_word' id='word_1_165' title='bbox 291 2229 413 2310; x_wconf 85' lang='lat' dir='ltr'><strong>aliquod,</strong></span> <span class='ocrx_word' id='word_1_166' title='bbox 428 2230 453 2289; x_wconf 89' lang='lat' dir='ltr'><strong>ai</strong></span> <span class='ocrx_word' id='word_1_167' title='bbox 465 2225 537 2289; x_wconf 74' lang='lat' dir='ltr'><strong>lortd</strong></span> <span class='ocrx_word' id='word_1_168' title='bbox 551 2237 614 2288; x_wconf 84' lang='lat' dir='ltr'><strong>tuas</strong></span> <span class='ocrx_word' id='word_1_169' title='bbox 626 2227 758 2308; x_wconf 85' lang='lat' dir='ltr'><strong>pervenit</strong></span> <span class='ocrx_word' id='word_1_170' title='bbox 771 2229 806 2288; x_wconf 92' lang='lat' dir='ltr'><strong>ad</strong></span> <span class='ocrx_word' id='word_1_171' title='bbox 822 2246 905 2288; x_wconf 83' lang='lat' dir='ltr'><strong>annea</strong></span> 
     </span>
     <span class='ocr_line' id='line_1_25' title="bbox 176 2307 843 2386; baseline -0.001 -19"><span class='ocrx_word' id='word_1_172' title='bbox 176 2308 287 2370; x_wconf 79' lang='lat' dir='ltr'><strong>Belidae</strong></span> <span class='ocrx_word' id='word_1_173' title='bbox 301 2329 406 2370; x_wconf 90' lang='lat' dir='ltr'><strong>nomen</strong></span> <span class='ocrx_word' id='word_1_174' title='bbox 418 2309 591 2385; x_wconf 84' lang='lat' dir='ltr'><strong>Palamedis,</strong></span> <span class='ocrx_word' id='word_1_175' title='bbox 605 2317 635 2368; x_wconf 89' lang='lat' dir='ltr'><strong>et</strong></span> <span class='ocrx_word' id='word_1_176' title='bbox 647 2308 755 2386; x_wconf 88' lang='lat' dir='ltr'><strong>inclyta</strong></span> <span class='ocrx_word' id='word_1_177' title='bbox 766 2307 843 2367; x_wconf 74' lang='lat' dir='ltr'><strong>iamt</strong></span> 
     </span>
     <span class='ocr_line' id='line_1_26' title="bbox 178 2386 852 2466; baseline -0.006 -20"><span class='ocrx_word' id='word_1_178' title='bbox 178 2387 292 2464; x_wconf 80' lang='lat' dir='ltr'><strong>Gloria3</strong></span> <span class='ocrx_word' id='word_1_179' title='bbox 313 2387 398 2466; x_wconf 82' lang='lat' dir='ltr'><strong>quem</strong></span> <span class='ocrx_word' id='word_1_180' title='bbox 412 2387 549 2448; x_wconf 71' lang='lat' dir='ltr'><strong>fratruo</strong></span> <span class='ocrx_word' id='word_1_181' title='bbox 562 2387 723 2463; x_wconf 85' lang='lat' dir='ltr'><strong>proditione</strong></span> <span class='ocrx_word' id='word_1_182' title='bbox 737 2386 852 2464; x_wconf 78' lang='lat' dir='ltr'><strong>Pelasgi</strong></span> 
     </span>
     <span class='ocr_line' id='line_1_27' title="bbox 177 2463 901 2544; baseline -0.007 -18"><span class='ocrx_word' id='word_1_183' title='bbox 177 2467 333 2544; x_wconf 87' lang='lat' dir='ltr'><strong>Insontem,</strong></span> <span class='ocrx_word' id='word_1_184' title='bbox 346 2465 464 2526; x_wconf 87' lang='lat' dir='ltr'><strong>infando</strong></span> <span class='ocrx_word' id='word_1_185' title='bbox 477 2464 594 2542; x_wconf 88' lang='lat' dir='ltr'><strong>indicio,</strong></span> <span class='ocrx_word' id='word_1_186' title='bbox 609 2464 677 2541; x_wconf 86' lang='lat' dir='ltr'><strong>quia</strong></span> <span class='ocrx_word' id='word_1_187' title='bbox 688 2463 765 2522; x_wconf 89' lang='lat' dir='ltr'><strong>bella</strong></span> <span class='ocrx_word' id='word_1_188' title='bbox 776 2463 901 2540; x_wconf 85' lang='lat' dir='ltr'><strong>vetabat,</strong></span> 
     </span>
     <span class='ocr_line' id='line_1_28' title="bbox 177 2541 1145 2620; baseline -0.005 -16"><span class='ocrx_word' id='word_1_189' title='bbox 177 2544 327 2606; x_wconf 68' lang='lat' dir='ltr'><strong>Demisere</strong></span> <span class='ocrx_word' id='word_1_190' title='bbox 340 2545 425 2618; x_wconf 83' lang='lat' dir='ltr'><strong>neci;</strong></span> <span class='ocrx_word' id='word_1_191' title='bbox 446 2563 522 2608; x_wconf 82' lang='lat' dir='ltr'><strong>nunc</strong></span> <span class='ocrx_word' id='word_1_192' title='bbox 536 2561 648 2603; x_wconf 84' lang='lat' dir='ltr'><strong>cassum</strong></span> <span class='ocrx_word' id='word_1_193' title='bbox 661 2541 770 2601; x_wconf 92' lang='lat' dir='ltr'><strong>lumine</strong></span> <span class='ocrx_word' id='word_1_194' title='bbox 783 2542 900 2620; x_wconf 76' lang='lat' dir='ltr'><strong>lugent:</strong></span> <span class='ocrx_word' id='word_1_195' title='bbox 1107 2543 1145 2598; x_wconf 71' lang='grc'><strong>85</strong></span> 
     </span>
     <span class='ocr_line' id='line_1_29' title="bbox 178 2621 955 2699; baseline -0.005 -17"><span class='ocrx_word' id='word_1_196' title='bbox 178 2623 225 2682; x_wconf 88' lang='lat' dir='ltr'><strong>Illi</strong></span> <span class='ocrx_word' id='word_1_197' title='bbox 237 2640 283 2682; x_wconf 86' lang='lat' dir='ltr'><strong>me</strong></span> <span class='ocrx_word' id='word_1_198' title='bbox 297 2623 442 2699; x_wconf 89' lang='lat' dir='ltr'><strong>comitem,</strong></span> <span class='ocrx_word' id='word_1_199' title='bbox 456 2630 486 2681; x_wconf 89' lang='lat' dir='ltr'><strong>et</strong></span> <span class='ocrx_word' id='word_1_200' title='bbox 498 2621 742 2698; x_wconf 75' lang='lat' dir='ltr'><strong>consanguinitate</strong></span> <span class='ocrx_word' id='word_1_201' title='bbox 755 2621 955 2699; x_wconf 73' lang='lat' dir='ltr'><strong>propinqum,</strong></span> 
     </span>
     <span class='ocr_line' id='line_1_30' title="bbox 103 2699 941 2778; baseline -0.004 -20"><span class='ocrx_word' id='word_1_202' title='bbox 103 2737 112 2758; x_wconf 69' lang='lat'><em>0</em></span> <span class='ocrx_word' id='word_1_203' title='bbox 177 2701 289 2778; x_wconf 86' lang='lat' dir='ltr'><strong>Pauper</strong></span> <span class='ocrx_word' id='word_1_204' title='bbox 302 2702 332 2760; x_wconf 90' lang='lat' dir='ltr'><strong>in</strong></span> <span class='ocrx_word' id='word_1_205' title='bbox 347 2721 424 2760; x_wconf 89' lang='lat' dir='ltr'><strong>arma</strong></span> <span class='ocrx_word' id='word_1_206' title='bbox 436 2709 516 2778; x_wconf 92' lang='lat' dir='ltr'><strong>pater</strong></span> <span class='ocrx_word' id='word_1_207' title='bbox 528 2701 626 2776; x_wconf 88' lang='lat' dir='ltr'><strong>primis</strong></span> <span class='ocrx_word' id='word_1_208' title='bbox 639 2700 697 2758; x_wconf 88' lang='lat' dir='ltr'><strong>huc</strong></span> <span class='ocrx_word' id='word_1_209' title='bbox 710 2699 790 2758; x_wconf 86' lang='lat' dir='ltr'><strong>misit</strong></span> <span class='ocrx_word' id='word_1_210' title='bbox 802 2699 838 2762; x_wconf 82' lang='lat' dir='ltr'><strong>ab</strong></span> <span class='ocrx_word' id='word_1_211' title='bbox 852 2699 941 2758; x_wconf 83' lang='lat' dir='ltr'><strong>annis</strong></span> 
     </span>
     <span class='ocr_line' id='line_1_31' title="bbox 178 2776 936 2855; baseline -0.005 -17"><span class='ocrx_word' id='word_1_212' title='bbox 178 2779 256 2838; x_wconf 89' lang='lat' dir='ltr'><strong>Dum</strong></span> <span class='ocrx_word' id='word_1_213' title='bbox 270 2781 361 2839; x_wconf 87' lang='lat' dir='ltr'><strong>stabat</strong></span> <span class='ocrx_word' id='word_1_214' title='bbox 374 2797 462 2855; x_wconf 73' lang='lat' dir='ltr'><strong>regno</strong></span> <span class='ocrx_word' id='word_1_215' title='bbox 475 2777 638 2853; x_wconf 87' lang='lat' dir='ltr'><strong>incolumia,</strong></span> <span class='ocrx_word' id='word_1_216' title='bbox 651 2796 807 2855; x_wconf 79' lang='lat' dir='ltr'><strong>regumque</strong></span> <span class='ocrx_word' id='word_1_217' title='bbox 820 2776 936 2853; x_wconf 84' lang='lat' dir='ltr'><strong>vigebat</strong></span> 
     </span>
     <span class='ocr_line' id='line_1_32' title="bbox 117 2855 898 2935; baseline -0.008 -16"><span class='ocrx_word' id='word_1_218' title='bbox 117 2875 118 2878; x_wconf 74' lang='grc'>’</span> <span class='ocrx_word' id='word_1_219' title='bbox 178 2858 324 2935; x_wconf 82' lang='lat' dir='ltr'><strong>Conciliia,</strong></span> <span class='ocrx_word' id='word_1_220' title='bbox 340 2867 369 2918; x_wconf 91' lang='lat' dir='ltr'><strong>et</strong></span> <span class='ocrx_word' id='word_1_221' title='bbox 381 2877 434 2915; x_wconf 90' lang='lat' dir='ltr'><strong>noa</strong></span> <span class='ocrx_word' id='word_1_222' title='bbox 448 2855 561 2932; x_wconf 86' lang='lat' dir='ltr'><strong>aliquod</strong></span> <span class='ocrx_word' id='word_1_223' title='bbox 574 2873 738 2932; x_wconf 87' lang='lat' dir='ltr'><strong>nomenque</strong></span> <span class='ocrx_word' id='word_1_224' title='bbox 752 2857 898 2932; x_wconf 84' lang='lat' dir='ltr'><strong>decusque</strong></span> 
     </span>
     <span class='ocr_line' id='line_1_33' title="bbox 179 2931 1145 3012; baseline -0.008 -14"><span class='ocrx_word' id='word_1_225' title='bbox 179 2939 326 2998; x_wconf 82' lang='lat' dir='ltr'><strong>Gessimua</strong></span> <span class='ocrx_word' id='word_1_226' title='bbox 339 2958 345 2996; x_wconf 94' lang='lat'><strong>:</strong></span> <span class='ocrx_word' id='word_1_227' title='bbox 366 2935 475 2994; x_wconf 79' lang='lat' dir='ltr'><strong>invidit</strong></span> <span class='ocrx_word' id='word_1_228' title='bbox 488 2941 638 3011; x_wconf 79' lang='lat' dir='ltr'><strong>postquam</strong></span> <span class='ocrx_word' id='word_1_229' title='bbox 650 2933 770 3012; x_wconf 84' lang='lat' dir='ltr'><strong>pellacia</strong></span> <span class='ocrx_word' id='word_1_230' title='bbox 781 2933 898 3011; x_wconf 87' lang='lat' dir='ltr'><strong>Ulyssei</strong></span> <span class='ocrx_word' id='word_1_231' title='bbox 1107 2931 1145 2990; x_wconf 76' lang='grc'><strong>90</strong></span> 
     </span>
     <span class='ocr_line' id='line_1_34' title="bbox 182 3009 930 3093; baseline -0.011 -17"><span class='ocrx_word' id='word_1_232' title='bbox 182 3015 284 3093; x_wconf 82' lang='lat' dir='ltr'><strong>(Haud</strong></span> <span class='ocrx_word' id='word_1_233' title='bbox 296 3009 393 3093; x_wconf 81' lang='lat' dir='ltr'><strong>ignota</strong></span> <span class='ocrx_word' id='word_1_234' title='bbox 405 3012 518 3092; x_wconf 86' lang='lat' dir='ltr'><strong>loquor)</strong></span> <span class='ocrx_word' id='word_1_235' title='bbox 537 3013 647 3090; x_wconf 83' lang='lat' dir='ltr'><strong>superis</strong></span> <span class='ocrx_word' id='word_1_236' title='bbox 661 3012 804 3072; x_wconf 81' lang='lat' dir='ltr'><strong>concessit</strong></span> <span class='ocrx_word' id='word_1_237' title='bbox 816 3013 851 3072; x_wconf 88' lang='lat' dir='ltr'><strong>ab</strong></span> <span class='ocrx_word' id='word_1_238' title='bbox 865 3012 930 3087; x_wconf 90' lang='lat' dir='ltr'><strong>oris,</strong></span> 
     </span>
     <span class='ocr_line' id='line_1_35' title="bbox 178 3089 909 3169; baseline -0.007 -14"><span class='ocrx_word' id='word_1_239' title='bbox 178 3094 308 3155; x_wconf 88' lang='lat' dir='ltr'><strong>Afflictua</strong></span> <span class='ocrx_word' id='word_1_240' title='bbox 321 3096 409 3154; x_wconf 83' lang='lat' dir='ltr'><strong>vitam</strong></span> <span class='ocrx_word' id='word_1_241' title='bbox 421 3094 451 3152; x_wconf 91' lang='lat' dir='ltr'><strong>in</strong></span> <span class='ocrx_word' id='word_1_242' title='bbox 465 3091 591 3152; x_wconf 86' lang='lat' dir='ltr'><strong>tenebris</strong></span> <span class='ocrx_word' id='word_1_243' title='bbox 603 3091 738 3169; x_wconf 89' lang='lat' dir='ltr'><strong>luctuque</strong></span> <span class='ocrx_word' id='word_1_244' title='bbox 751 3089 909 3167; x_wconf 88' lang='lat' dir='ltr'><strong>trahebam,</strong></span> 
     </span>
     <span class='ocr_line' id='line_1_36' title="bbox 177 3170 872 3248; baseline -0.004 -16"><span class='ocrx_word' id='word_1_245' title='bbox 177 3174 218 3234; x_wconf 89' lang='lat' dir='ltr'><strong>Et</strong></span> <span class='ocrx_word' id='word_1_246' title='bbox 230 3194 327 3235; x_wconf 83' lang='lat' dir='ltr'><strong>cesum</strong></span> <span class='ocrx_word' id='word_1_247' title='bbox 340 3173 459 3240; x_wconf 83' lang='lat' dir='ltr'><strong>insontia</strong></span> <span class='ocrx_word' id='word_1_248' title='bbox 472 3191 586 3232; x_wconf 88' lang='lat' dir='ltr'><strong>mecum</strong></span> <span class='ocrx_word' id='word_1_249' title='bbox 599 3170 768 3248; x_wconf 65' lang='lat' dir='ltr'><strong>indignabar</strong></span> <span class='ocrx_word' id='word_1_250' title='bbox 779 3171 872 3230; x_wconf 84' lang='lat' dir='ltr'><strong>amici.</strong></span> 
     </span>
     <span class='ocr_line' id='line_1_37' title="bbox 178 3249 914 3327; baseline -0.005 -15"><span class='ocrx_word' id='word_1_251' title='bbox 178 3253 208 3312; x_wconf 93' lang='lat' dir='ltr'>N</span> <span class='ocrx_word' id='word_1_252' title='bbox 209 3271 242 3312; x_wconf 86' lang='lat' dir='ltr'><strong>ec</strong></span> <span class='ocrx_word' id='word_1_253' title='bbox 255 3254 331 3314; x_wconf 88' lang='lat' dir='ltr'><strong>tacui</strong></span> <span class='ocrx_word' id='word_1_254' title='bbox 345 3254 463 3312; x_wconf 88' lang='lat' dir='ltr'><strong>demens</strong></span> <span class='ocrx_word' id='word_1_255' title='bbox 474 3272 483 3326; x_wconf 91' lang='lat'>;</span> <span class='ocrx_word' id='word_1_256' title='bbox 504 3259 534 3311; x_wconf 87' lang='lat' dir='ltr'><strong>et</strong></span> <span class='ocrx_word' id='word_1_257' title='bbox 546 3270 603 3327; x_wconf 89' lang='lat' dir='ltr'><strong>me,</strong></span> <span class='ocrx_word' id='word_1_258' title='bbox 617 3249 674 3309; x_wconf 83' lang='lat' dir='ltr'><strong>lora</strong></span> <span class='ocrx_word' id='word_1_259' title='bbox 687 3249 711 3308; x_wconf 90' lang='lat' dir='ltr'><strong>si</strong></span> <span class='ocrx_word' id='word_1_260' title='bbox 724 3268 781 3327; x_wconf 88' lang='lat' dir='ltr'><strong>qua</strong></span> <span class='ocrx_word' id='word_1_261' title='bbox 793 3250 914 3325; x_wconf 83' lang='lat' dir='ltr'><strong>tulisset,</strong></span> 
     </span>
     <span class='ocr_line' id='line_1_38' title="bbox 180 3329 1145 3412; baseline -0.005 -23"><span class='ocrx_word' id='word_1_262' title='bbox 180 3332 210 3389; x_wconf 88' lang='lat' dir='ltr'><strong>Si</strong></span> <span class='ocrx_word' id='word_1_263' title='bbox 222 3333 328 3409; x_wconf 89' lang='lat' dir='ltr'><strong>patrios</strong></span> <span class='ocrx_word' id='word_1_264' title='bbox 339 3351 466 3412; x_wconf 90' lang='lat' dir='ltr'><strong>unquam</strong></span> <span class='ocrx_word' id='word_1_265' title='bbox 479 3329 652 3390; x_wconf 69' lang='lat' dir='ltr'><strong>remeassem</strong></span> <span class='ocrx_word' id='word_1_266' title='bbox 665 3329 757 3387; x_wconf 90' lang='lat' dir='ltr'><strong>victor</strong></span> <span class='ocrx_word' id='word_1_267' title='bbox 769 3329 805 3387; x_wconf 92' lang='lat' dir='ltr'><strong>ad</strong></span> <span class='ocrx_word' id='word_1_268' title='bbox 818 3331 920 3404; x_wconf 69' lang='lat' dir='ltr'><strong>Argoa,</strong></span> <span class='ocrx_word' id='word_1_269' title='bbox 1107 3329 1145 3384; x_wconf 68' lang='lat' dir='ltr'><strong>dd</strong></span> 
     </span>
     <span class='ocr_line' id='line_1_39' title="bbox 178 3405 901 3486; baseline -0.006 -18"><span class='ocrx_word' id='word_1_270' title='bbox 178 3409 301 3468; x_wconf 86' lang='lat' dir='ltr'><strong>Promisi</strong></span> <span class='ocrx_word' id='word_1_271' title='bbox 312 3411 452 3484; x_wconf 71' lang='lat' dir='ltr'><strong>ultorem</strong></span> <span class='ocrx_word' id='word_1_272' title='bbox 475 3417 503 3468; x_wconf 85' lang='lat' dir='ltr'><strong>et</strong></span> <span class='ocrx_word' id='word_1_273' title='bbox 517 3408 610 3467; x_wconf 83' lang='lat' dir='ltr'><strong>verbis</strong></span> <span class='ocrx_word' id='word_1_274' title='bbox 623 3407 689 3466; x_wconf 87' lang='lat' dir='ltr'><strong>odia</strong></span> <span class='ocrx_word' id='word_1_275' title='bbox 702 3405 801 3486; x_wconf 86' lang='lat' dir='ltr'><strong>aspera</strong></span> <span class='ocrx_word' id='word_1_276' title='bbox 814 3407 901 3465; x_wconf 86' lang='lat' dir='ltr'><strong>movi.</strong></span> 
     </span>
     <span class='ocr_line' id='line_1_40' title="bbox 179 3485 989 3567; baseline -0.006 -20"><span class='ocrx_word' id='word_1_277' title='bbox 179 3489 257 3547; x_wconf 90' lang='lat' dir='ltr'><strong>Hinc</strong></span> <span class='ocrx_word' id='word_1_278' title='bbox 271 3488 342 3548; x_wconf 89' lang='lat' dir='ltr'><strong>mihi</strong></span> <span class='ocrx_word' id='word_1_279' title='bbox 354 3491 447 3567; x_wconf 74' lang='lat' dir='ltr'><strong>prima</strong></span> <span class='ocrx_word' id='word_1_280' title='bbox 458 3487 528 3548; x_wconf 74' lang='lat' dir='ltr'><strong>mad</strong></span> <span class='ocrx_word' id='word_1_281' title='bbox 539 3486 639 3559; x_wconf 77' lang='lat' dir='ltr'><strong>1abea&#39;3</strong></span> <span class='ocrx_word' id='word_1_282' title='bbox 652 3485 730 3544; x_wconf 87' lang='lat' dir='ltr'><strong>&#39;hinc</strong></span> <span class='ocrx_word' id='word_1_283' title='bbox 743 3503 856 3562; x_wconf 86' lang='lat' dir='ltr'><strong>semper</strong></span> <span class='ocrx_word' id='word_1_284' title='bbox 869 3485 989 3562; x_wconf 83' lang='lat' dir='ltr'><strong>Ulyaaea</strong></span> 
     </span>
    </p>
   </div>
   <div class='ocr_carea' id='block_1_7' title="bbox 161 3549 1144 3956">
    <p class='ocr_par' dir='ltr' id='par_1_13' title="bbox 180 3549 970 3642">
     <span class='ocr_line' id='line_1_41' title="bbox 180 3549 970 3642; baseline -0.008 -15"><span class='ocrx_word' id='word_1_285' title='bbox 180 3565 353 3627; x_wconf 82' lang='lat' dir='ltr'><strong>Criminibus</strong></span> <span class='ocrx_word' id='word_1_286' title='bbox 366 3549 471 3628; x_wconf 74' lang='lat' dir='ltr'><strong>lerrere</strong></span> <span class='ocrx_word' id='word_1_287' title='bbox 484 3566 586 3639; x_wconf 76' lang='lat' dir='ltr'><strong>novia3</strong></span> <span class='ocrx_word' id='word_1_288' title='bbox 606 3564 675 3623; x_wconf 87' lang='lat' dir='ltr'><strong>hinc</strong></span> <span class='ocrx_word' id='word_1_289' title='bbox 688 3582 819 3642; x_wconf 84' lang='lat' dir='ltr'><strong>spargere</strong></span> <span class='ocrx_word' id='word_1_290' title='bbox 832 3582 918 3622; x_wconf 86' lang='lat' dir='ltr'><strong>voces</strong></span> <span class='ocrx_word' id='word_1_291' title='bbox 968 3637 970 3642; x_wconf 68' lang='lat'><strong>,</strong></span> 
     </span>
    </p>

    <p class='ocr_par' dir='ltr' id='par_1_14' title="bbox 180 3642 1076 3722">
     <span class='ocr_line' id='line_1_42' title="bbox 180 3642 1076 3722; baseline -0.008 -18"><span class='ocrx_word' id='word_1_292' title='bbox 180 3646 213 3705; x_wconf 94' lang='lat' dir='ltr'><strong>In</strong></span> <span class='ocrx_word' id='word_1_293' title='bbox 225 3647 343 3722; x_wconf 85' lang='lat' dir='ltr'><strong>vulgum</strong></span> <span class='ocrx_word' id='word_1_294' title='bbox 357 3646 513 3722; x_wconf 85' lang='lat' dir='ltr'><strong>ambiguas,</strong></span> <span class='ocrx_word' id='word_1_295' title='bbox 527 3652 557 3703; x_wconf 88' lang='lat' dir='ltr'><strong>et</strong></span> <span class='ocrx_word' id='word_1_296' title='bbox 569 3655 696 3719; x_wconf 77' lang='lat' dir='ltr'><strong>quaerere</strong></span> <span class='ocrx_word' id='word_1_297' title='bbox 710 3642 843 3708; x_wconf 78' lang='lat' dir='ltr'><strong>conscius</strong></span> <span class='ocrx_word' id='word_1_298' title='bbox 855 3649 942 3700; x_wconf 84' lang='lat' dir='ltr'><strong>arma.</strong></span> <span class='ocrx_word' id='word_1_299' title='bbox 1071 3643 1076 3649; x_wconf 87' lang='lat'>&#39;</span> 
     </span>
    </p>

    <p class='ocr_par' dir='ltr' id='par_1_15' title="bbox 161 3718 1144 3956">
     <span class='ocr_line' id='line_1_43' title="bbox 161 3718 1144 3801; baseline -0.008 -16"><span class='ocrx_word' id='word_1_300' title='bbox 161 3789 164 3796; x_wconf 65' lang='grc'>,</span> <span class='ocrx_word' id='word_1_301' title='bbox 179 3725 242 3785; x_wconf 89' lang='lat' dir='ltr'><strong>Nec</strong></span> <span class='ocrx_word' id='word_1_302' title='bbox 257 3725 398 3801; x_wconf 88' lang='lat' dir='ltr'><strong>requievit</strong></span> <span class='ocrx_word' id='word_1_303' title='bbox 410 3725 497 3799; x_wconf 84' lang='lat' dir='ltr'><strong>enirn,</strong></span> <span class='ocrx_word' id='word_1_304' title='bbox 511 3724 603 3781; x_wconf 91' lang='lat' dir='ltr'><strong>donec</strong></span> <span class='ocrx_word' id='word_1_305' title='bbox 617 3721 776 3780; x_wconf 86' lang='lat' dir='ltr'><strong>Calchante</strong></span> <span class='ocrx_word' id='word_1_306' title='bbox 789 3718 926 3778; x_wconf 84' lang='lat' dir='ltr'><strong>ministro.</strong></span> <span class='ocrx_word' id='word_1_307' title='bbox 943 3759 951 3776; x_wconf 84' lang='lat'><strong>.</strong></span> <span class='ocrx_word' id='word_1_308' title='bbox 967 3759 974 3774; x_wconf 91' lang='lat'><em>.</em></span> <span class='ocrx_word' id='word_1_309' title='bbox 990 3759 997 3774; x_wconf 91' lang='lat'><em>.</em></span> <span class='ocrx_word' id='word_1_310' title='bbox 1089 3723 1144 3777; x_wconf 87' lang='grc'><strong>100</strong></span> 
     </span>
     <span class='ocr_line' id='line_1_44' title="bbox 181 3796 1053 3886; baseline -0.013 -22"><span class='ocrx_word' id='word_1_311' title='bbox 181 3805 237 3864; x_wconf 85' lang='lat' dir='ltr'><strong>Sed</strong></span> <span class='ocrx_word' id='word_1_312' title='bbox 250 3803 319 3880; x_wconf 92' lang='lat' dir='ltr'><strong>quid</strong></span> <span class='ocrx_word' id='word_1_313' title='bbox 332 3823 386 3886; x_wconf 74' lang='lat' dir='ltr'><strong>ego</strong></span> <span class='ocrx_word' id='word_1_314' title='bbox 398 3803 463 3862; x_wconf 82' lang='lat' dir='ltr'><strong>haec</strong></span> <span class='ocrx_word' id='word_1_315' title='bbox 478 3810 573 3860; x_wconf 89' lang='lat' dir='ltr'><strong>antem</strong></span> <span class='ocrx_word' id='word_1_316' title='bbox 586 3800 780 3876; x_wconf 81' lang='lat' dir='ltr'><strong>nequidquam</strong></span> <span class='ocrx_word' id='word_1_317' title='bbox 793 3798 803 3855; x_wconf 89' lang='lat' dir='ltr'><strong>i</strong></span> <span class='ocrx_word' id='word_1_318' title='bbox 857 3805 902 3855; x_wconf 87' lang='lat' dir='ltr'><strong>ata</strong></span> <span class='ocrx_word' id='word_1_319' title='bbox 915 3796 1053 3855; x_wconf 81' lang='lat' dir='ltr'><strong>revolvo?</strong></span> 
     </span>
     <span class='ocr_line' id='line_1_45' title="bbox 181 3873 1053 3956; baseline -0.013 -14"><span class='ocrx_word' id='word_1_320' title='bbox 181 3883 293 3956; x_wconf 76' lang='lat' dir='ltr'><strong>Quidve</strong></span> <span class='ocrx_word' id='word_1_321' title='bbox 308 3885 423 3942; x_wconf 90' lang='lat' dir='ltr'><strong>moror?</strong></span> <span class='ocrx_word' id='word_1_322' title='bbox 446 3881 477 3939; x_wconf 90' lang='lat' dir='ltr'><strong>Si</strong></span> <span class='ocrx_word' id='word_1_323' title='bbox 491 3898 592 3940; x_wconf 85' lang='lat' dir='ltr'><strong>omnes</strong></span> <span class='ocrx_word' id='word_1_324' title='bbox 604 3897 663 3936; x_wconf 90' lang='lat' dir='ltr'><strong>uno</strong></span> <span class='ocrx_word' id='word_1_325' title='bbox 677 3878 777 3936; x_wconf 91' lang='lat' dir='ltr'><strong>ordine</strong></span> <span class='ocrx_word' id='word_1_326' title='bbox 789 3877 829 3934; x_wconf 90' lang='lat' dir='ltr'><strong>ha</strong></span> <span class='ocrx_word' id='word_1_327' title='bbox 849 3875 902 3934; x_wconf 85' lang='lat' dir='ltr'><strong>etia</strong></span> <span class='ocrx_word' id='word_1_328' title='bbox 916 3873 1053 3951; x_wconf 79' lang='lat' dir='ltr'><strong>Achivos,</strong></span> 
     </span>
    </p>
   </div>
   <div class='ocr_carea' id='block_1_8' title="bbox 0 6 1543 4514">
    <p class='ocr_par' dir='ltr' id='par_1_16' title="bbox 0 6 1543 4514">
     <span class='ocr_line' id='line_1_46' title="bbox 0 6 1543 4514; baseline 0 0"><span class='ocrx_word' id='word_1_329' title='bbox 0 6 1543 4514; x_wconf 95' lang='lat' dir='ltr'><strong> </strong></span> 
     </span>
    </p>
   </div>
  </div>
 </body>
</html>
