2712 4488
220 503 274 561 aro
613 475 788 563 ’5551555

222 652 368 712 AEneadas
382 665 507 732 magnos,
522 662 551 714 et
562 655 657 715 nobile
669 655 853 716 Pallanteum.

222 731 300 790 Hinc
314 732 408 792 lucum
420 733 573 810 ingentem,
587 753 671 812 quem
684 734 826 792 Romulus
837 751 903 792 acer
914 751 945 792 as
963 731 1023 792 lum

221 809 350 886 Retulit;
371 819 400 870 et
412 812 505 888 gelidi
518 820 652 870 monstrat
664 813 717 871 sub
730 829 799 889 rupe
812 812 876 889 Lup
953 835 971 889 ,·

222 887 369 948 Parrhasio
383 890 488 948 dictum
502 889 595 948 Penus
607 890 643 948 de
657 909 734 948 more
747 890 851 968 Lycei.
1144 949 1146 954 .

208 966 286 1026 'Nec
298 986 355 1024 nou
369 977 398 1026 et
409 969 480 1028 sacri
493 975 628 1026 monstrat
641 985 741 1027 nemus
754 967 882 1044 Argileti,
1120 971 1176 1026 345

221 1044 309 1104 Testa
371 1064 407 1104 ue
420 1045 522 1120 locum,
536 1053 566 1120 et
578 1046 665 1105 letum
678 1046 761 1104 docet
772 1043 891 1123 hospitis
903 1046 982 1121 Argi.

222 1123 299 1182 Hinc
314 1124 348 1182 ad
390 1124 513 1200 arpeiam
526 1124 623 1182 sedem
637 1132 667 1183 et
679 1123 819 1201 Capitolia
831 1123 919 1199 ducit,

221 1202 316 1259 Aurea
328 1219 412 1276 nuno,
426 1200 493 1260 olim
506 1201 679 1262 silvestribus
692 1202 804 1260 horrida
816 1202 918 1270 dunt.

219 1278 284 1337 lem
297 1287 355 1338 turn
368 1279 476 1354 relligio
489 1280 607 1356 pavidos
619 1281 740 1339 terrebat
753 1289 875 1356 agrestes
893 1305 896 1312 ’

221 1356 293 1415 Dira
302 1357 376 1430 loci;
393 1360 453 1436 jam
465 1364 526 1415 tum
539 1359 638 1418 silvam
652 1377 807 1435 saxumque
819 1357 984 1417 tremebant
1118 1363 1175 1417 350

208 1435 288 1511 ‘Hoc
299 1453 409 1512 nemus,
423 1435 508 1511 hunc,
523 1436 621 1514 inquit,
636 1437 767 1496 tmndoso
780 1437 886 1496 vertice
900 1435 1011 1511 collem,

221 1513 297 1584 Quis
308 1514 387 1588 deus,
401 1513 539 1572 incertum
554 1523 606 1591 est,
619 1515 727 1574 habitat
739 1509 827 1572 deus:
848 1515 973 1573 Arcades
985 1515 1078 1592 ipsum

221 1591 347 1650 Credunt
358 1610 389 1649 se
402 1592 506 1650 vidisse
517 1593 629 1667 Jovem,
643 1599 732 1668 quum
746 1590 822 1669 sepe
836 1591 992 1674 nigrantem

118 1715 125 1730 .
221 1670 325 1746 AEgida
337 1677 501 1729 concuteret
513 1669 621 1745 dextri,
635 1669 802 1746 nimbosque
815 1670 911 1729 cieret.

220 1748 291 1807 Hes
304 1749 361 1807 duo
373 1756 509 1826 praeterea
521 1748 645 1826 disjectis
658 1747 761 1824 oppida
773 1748 869 1822 muris
882 1826 888 1840 ,
1118 1753 1173 1807 355

89 1825 94 1836 ’
220 1826 365 1903 Reliquias
378 1826 653 1902 veterumque-vides
667 1834 850 1885 monumenta
861 1845 1004 1884 virorum:

220 1904 303 1963 liano
315 1905 402 1963 lanus
415 1912 504 1982 pater,
517 1904 591 1962 hauc
606 1905 741 1963 Saturnus
754 1903 881 1963 condidit
893 1923 984 1963 arcem
995 1924 1003 1978 3
1112 1941 1118 1972 2

218 1982 380 2042 Janiculum
394 1983 470 2059 huic,
484 1981 525 2041 illi
538 1982 629 2041 iuerat
643 1982 772 2041 Saturnio
784 2002 896 2042 nomen.
932 2011 934 2018 ·

219 2061 336 2136 Talibus
349 2063 422 2120 inter
434 2081 465 2121 se
478 2062 560 2120 dictis
573 2063 608 2119 ad
621 2069 697 2120 tecta
709 2061 840 2120 subibant
859 2081 863 2088 ·
950 2085 952 2090 ·

218 2141 354 2218 Pauperis
367 2140 504 2214 Evandri,
517 2141 677 2217 passimque
691 2145 816 2199 armenta
828 2140 963 2199 videbant
978 2175 982 2183 ·

218 2299 260 2359 Ut
271 2305 387 2356 ventum
402 2297 437 2355 ad
449 2297 549 2354 sedes:
572 2297 654 2372 Haec,
668 2297 766 2373 inquit,
780 2297 980 2356 limineuictor
1054 2303 1056 2308 “

217 2375 332 2434 Alcides
345 2374 448 2447 subiit;
469 2374 532 2432 hoec
546 2375 625 2436 illum
637 2375 714 2449 regia
727 2375 809 2451 cepit

155 2492 159 2500 -
217 2453 310 2528 Ande,
323 2453 435 2529 hospes,
450 2459 630 2542 contemnere
644 2470 720 2527 opes,
734 2460 764 2510 et
775 2460 803 2510 te
817 2470 929 2542 quoque
941 2451 1059 2528 dignum

1283 1918 1288 2165 l

216 2221 404 2296 Romanoque
417 2219 476 2277 foro
490 2227 518 2276 et
530 2219 612 2278 lautis
626 2219 733 2294 mugire
747 2219 866 2278 Carinis.
1116 2144 1173 2201 360
1277 2178 1287 2557 l

1115 2535 1173 2589 365

217 2531 309 2606 Finge
322 2531 375 2588 deo
385 2549 400 2603 ς,
415 2528 554 2605 rebusque
566 2548 631 2588 vem
644 2548 701 2586 nou
715 2548 795 2607 asper
808 2547 913 2606 egenis.

217 2608 322 2681 Dixitp
338 2615 367 2667 et
379 2609 490 2684 angusti
502 2606 599 2665 subter
610 2606 798 2682 fastigiatecti

217 2687 365 2762 lugentem
379 2686 492 2744 AEnean
506 2684 595 2759 duxit,
610 2685 755 2762 stratisque
768 2684 871 2746 locarit

217 2764 357 2824 Effultum
369 2763 443 2824 foliis
456 2773 485 2824 et
497 2764 572 2842 pclle
586 2763 738 2841 Libystidis
752 2783 832 2822 urse.

216 2844 285 2903 Nox
299 2844 362 2920 ruit,
376 2852 405 2903 et
417 2843 502 2902 fuscis
516 2843 644 2902 tellurem
658 2842 835 2919 amplectitur
848 2841 907 2902 alis.

254 2923 294 2980 At
306 2922 410 2982 Venus
419 2921 496 2982 haud
510 2923 603 2982 animo
616 2922 807 2998 nequidquam
821 2922 953 2982 exterrita
965 2927 1062 2998 mater,
1114 2923 1197 2979 370-
1276 2940 1278 2957 *

217 3000 445 3078 Laurentirmque
458 3002 543 3060 minis
556 3009 585 3060 et
598 3002 667 3059 duro
681 3009 757 3059 mota
768 3001 897 3076 tumultu,

216 3078 377 3138 Vulcanum
390 3081 548 3158 alloquitur,
562 3080 743 3155 thalamoque
756 3080 818 3138 haec
831 3079 958 3158 conjugis
971 3077 1056 3138 culeo

218 3157 330 3234 Incipit,
344 3166 373 3217 et
385 3159 467 3218 dictis
480 3159 606 3217 divinum
620 3158 741 3234 adspirat
754 3177 895 3217 amorem:

218 3236 294 3294 Dum
307 3236 383 3294 bello
396 3236 521 3312 Argolici
533 3235 680 3300 vastabant
692 3236 829 3311 Pergama
842 3253 922 3310 reges

216 3313 330 3389 Debita,
338 3325 512 3446 'casurasque
525 3314 647 3370 inimicis
660 3312 771 3388 ignibus
785 3331 871 3387 arces,
903 3351 905 3356 ,
1112 3315 1170 3372 375

216 3391 247 3453 N
248 3411 284 3450 on
297 3391 387 3448 ullum
400 3392 466 3448 auxi
477 3391 535 3448 ium
549 3390 666 3464 miseris,
680 3407 737 3447 non
751 3409 827 3448 arma
839 3389 935 3464 rogavi

215 3470 292 3530 Artis
305 3469 421 3546 opisque
434 3475 509 3541 tua3
530 3487 583 3526 nec
596 3475 634 3543 te,
648 3467 789 3526 carissime
802 3469 916 3546 conjux,

218 3547 399 3606 lncassnmr'e
411 3555 476 3605 tuos
487 3546 565 3604 volui
579 3563 711 3604 exercere
723 3544 850 3618 labores3
901 3573 904 3580 ·

217 3626 355 3700 Quamvis
368 3633 398 3685 et
410 3624 516 3683 Priami
530 3623 662 3682 deberem
674 3623 888 3701 plurimanatis,

217 3705 257 3764 Et
270 3706 370 3763 durum
384 3702 641 3780 AEnereyflevissem
655 3698 730 3779 scepei
744 3701 877 3760 lahorem.
1112 3709 1169 3765 380

215 3783 303 3842 Nunc
315 3783 394 3842 Jovis
406 3781 530 3859 imperiis
543 3780 711 3840 Rutulorum
725 3780 849 3840 constitit
862 3779 935 3839 oris:

216 3861 295 3938 Ergo
308 3864 407 3921 eadem
421 3860 539 3938 supplex
551 3859 645 3934 venio,
659 3867 688 3917 et
700 3867 826 3918 sanctum
840 3857 912 3916 mihi
923 3877 1028 3918 numen
1137 3889 1139 3894 ·

214 3941 304 3998 Arma
317 3959 384 4016 rogo
397 3938 524 4017 geneuix
538 3946 611 3994 nato.
652 3931 696 3995 Te
709 3937 767 3994 filia
779 3937 877 4012 Nerei,

215 4016 262 4074 Te
274 4018 366 4094 potuit
378 4017 507 4096 lacrymis
520 4014 655 4083 Tithonia
666 4015 778 4072 flectere
791 4017 904 4093 conjux.
