3076 4514
524 489 636 543 LIBER
655 488 689 543 V.
1042 490 1093 544 1⁵3

126 639 273 716 Sergestus
287 638 363 717 capit
376 635 440 697 ante
454 639 558 715 locum,
573 640 746 718 scopuloque
760 639 947 719 propinquat:
1037 644 1091 698 185

124 718 189 777 Nec
203 719 261 777 toti
272 726 367 777 tamen
381 719 428 776 ille
442 719 518 796 prior
530 728 676 796 praeeunte
691 718 805 792 carini3

124 798 208 856 Parte
222 798 306 874 prior,
320 805 429 875 partem
443 799 531 855 rostro
544 799 648 874 premit
660 799 765 861 aemula
777 798 886 857 Pristis.

125 878 165 934 At
177 876 273 934 medii
286 878 378 935 socios
391 877 528 934 incedens
541 896 614 934 nave
628 896 679 955 per
692 878 768 955 ipsos

124 955 262 1015 Hortatur
274 955 463 1022 Mnestheus:
505 956 601 1030 Nunc,
616 975 704 1032 nune,
718 955 854 1034 insurgite
868 955 962 1033 remis,

38 1057 46 1061 ’
77 1032 86 1038 ’
125 1035 262 1092 Hectorei
275 1035 354 1111 socii,
370 1035 464 1113 Trojae
479 1054 549 1111 quos
563 1044 637 1093 sorte
651 1036 783 1113 supremi
1036 1039 1091 1092 190

124 1113 229 1189 Delegi
242 1115 378 1172 comites:
399 1133 476 1172 nunc
489 1114 552 1171 illas
564 1115 685 1190 promite
698 1115 782 1190 vires,

123 1193 212 1251 Nunc
226 1193 343 1268 animos,
357 1193 461 1270 quibus
471 1193 500 1250 in
515 1193 635 1251 Getulis
649 1194 771 1270 syrtibus
785 1195 839 1271 usi,
945 1218 948 1225 ·
961 1183 971 1206 ⁰

125 1272 264 1349 Ionioque
277 1272 356 1349 mari,
371 1273 533 1348 Maleaeque
548 1273 716 1349 sequacibus
731 1274 823 1332 undis.

123 1350 192 1409 Non
202 1353 263 1429 jam
275 1351 368 1428 prima
380 1359 446 1428 peto
459 1351 640 1425 Mnestheus,
654 1370 749 1428 neque
761 1352 880 1410 vincere
892 1358 988 1410 certo:

125 1430 296 1507 Quanquam
307 1432 339 1487 o!
355 1430 406 1487 sed
416 1437 552 1505 superent
562 1430 664 1505 quihus
672 1430 740 1505 hoc,
752 1431 899 1507 Neptune,
911 1430 1022 1489 dedisti.
1036 1434 1091 1488 195

124 1509 279 1567 Extremos
292 1507 400 1584 pudeat
411 1507 528 1564 rediisse
541 1526 548 1564 z
570 1508 625 1565 hoc
637 1507 754 1583 vincite,
769 1509 857 1584 cives,

124 1588 165 1647 Et
176 1586 325 1665 prohibete
337 1585 426 1642 nefas.
468 1584 526 1648 Olli
539 1585 693 1644 certamine
707 1583 835 1644 summo
1087 1581 1103 1620 ⁹

121 1663 337 1737 Procumbunt3
358 1665 446 1722 vastis
459 1663 669 1723 tremitictibus
683 1661 757 1723 aerea
769 1665 883 1743 puppis,

125 1743 359 1821 Subtrahiturque
373 1743 482 1801 solum:
504 1753 564 1801 tum
578 1743 677 1801 creber
690 1744 832 1804 anhelitus
845 1753 921 1803 artus

32 1820 34 1823 ’
123 1824 267 1901 Aridaque
282 1842 330 1880 ora
342 1823 451 1899 quatit;
474 1822 558 1880 sudor
570 1823 633 1881 fluit
645 1824 771 1915 undique
785 1823 861 1885 rivis.
1033 1827 1090 1880 200

162 1903 265 1961 Attulit
277 1902 340 1980 ipse
352 1902 420 1959 viris
434 1909 561 1978 optatum
575 1920 659 1960 casus
673 1902 830 1961 bonorem:

123 1982 267 2059 Namque,
281 1982 377 2039 furens
392 1981 488 2055 animi,
502 1980 571 2038 dum
584 2001 695 2057 proram
709 1982 744 2039 ad
758 2001 827 2040 saxa
840 1981 977 2058 suburget

109 2066 110 2071 ’
124 2060 253 2136 Interior,
268 2061 415 2138 spatioque
429 2059 506 2117 subit
520 2060 667 2136 Sergestus
680 2061 787 2138 iniquo,

124 2135 229 2199 Infelix
242 2140 318 2198 saxis
331 2139 361 2196 in
375 2137 603 2216 procurrentibus
617 2139 709 2198 haesit.

28 2241 41 2298 '.
124 2219 280 2278 Concussae
295 2225 401 2293 cautes,
416 2225 445 2275 et
458 2225 541 2275 acuto
554 2218 583 2275 in
597 2219 705 2277 murice
718 2219 790 2276 remi

124 2297 233 2357 Obnixi
245 2295 392 2375 crepuere,
406 2296 537 2373 illisa-que
550 2316 633 2374 prora
645 2298 793 2376 pependit.
971 2359 973 2363 Α

124 2377 308 2453 Consurgunt
320 2384 424 2451 nautae,
438 2383 467 2433 et
480 2395 583 2452 magno
598 2376 721 2435 clamore
735 2384 896 2435 morantur:

124 2455 310 2533 Ferratasque
323 2456 419 2514 trudes
433 2463 462 2512 et
475 2455 559 2513 acuti
572 2456 689 2532 cuspide
703 2462 802 2514 contos

124 2535 310 2612 Expediunt3
332 2536 491 2610 fractosque
504 2533 603 2610 legunt
615 2535 650 2595 in,
659 2535 770 2611 gurgite
783 2553 886 2593 remos.

123 2614 163 2672 At
176 2614 258 2672 laetus
271 2614 452 2688 Mnestheus,
467 2631 657 2691 successuque
672 2615 761 2672 acrior
772 2613 845 2692 ipso,

124 2693 247 2769 Agmine
261 2712 403 2750 remorum
414 2692 508 2767 celeri,
522 2693 671 2769 ventisque
685 2693 802 2768 vocatis,

124 2771 219 2829 Prona
230 2772 302 2848 petit
317 2770 413 2844 maria,
429 2779 457 2827 et
469 2771 570 2866 pelago
585 2772 708 2829 decurrit
721 2778 827 2848 aperto.
856 2787 857 2790 ’

126 2849 227 2923 Qualis
241 2849 378 2926 spelunci
392 2846 485 2906 subito
500 2858 641 2907 commota
655 2849 795 2922 columba,

125 2928 181 2987 Cui
195 2923 296 2986 domus
310 2935 339 2985 et
352 2926 451 2984 dulces
464 2926 605 2984 latebroso
618 2927 648 2983 in
661 2927 775 3003 pumice
789 2927 859 3002 nidi,
939 2998 942 3005 Ι

124 3007 228 3066 Fertur
240 3007 269 3064 in
284 3005 467 3079 arvavolans,
481 3004 669 3082 plausumque
683 3005 817 3062 exterrita
828 3002 932 3083 pennis
1034 3010 1091 3063 215

124 3087 183 3145 Dat
196 3094 271 3145 tecto
284 3086 429 3161 ingentem
440 3103 448 3158 3
470 3102 537 3140 mox
551 3088 617 3142 aire
630 3085 709 3160 lapsa
721 3083 827 3160 quieto,

124 3167 213 3224 Radit
225 3166 279 3225 iter
291 3164 440 3241 liquidum,
455 3162 563 3221 celeres
576 3181 670 3240 neque
685 3158 846 3222 commovet
859 3161 936 3222 alas:

126 3246 173 3303 Sic
188 3245 368 3318 Mnestheus,
383 3243 424 3301 sic
437 3243 499 3319 ipsa
512 3241 579 3319 fugi
593 3251 671 3301 secat
683 3241 784 3300 ultima
795 3242 896 3302 Pristis

125 3324 272 3401 AEquora;
294 3324 335 3382 sie
348 3323 426 3381 illam
439 3321 493 3379 fert
505 3321 630 3400 impetus
643 3322 705 3399 ipse
717 3321 871 3387 volantem.

125 3403 166 3461 Et
177 3400 300 3480 primirm
314 3403 343 3460 in
358 3401 473 3479 scopulo
487 3400 641 3471 luctantem
648 3400 760 3481 ‚deserit
774 3401 830 3460 alto

127 3483 300 3557 Sergestum,
314 3481 505 3557 brevibusque
518 3481 608 3556 vadis,
622 3481 779 3556 frustraque
792 3488 944 3540 vocantem

125 3561 251 3634 Auxilia,
267 3569 295 3618 et
308 3561 403 3618 fractis
416 3560 573 3617 discentem
588 3578 700 3617 currere
713 3560 808 3617 remis.

126 3639 198 3697 Inde
213 3640 296 3714 Gyan
309 3639 458 3715 ipsamque
472 3638 581 3713 ingenti
594 3637 669 3695 mole
684 3638 859 3697 Chimaeram

126 3717 335 3793 Consequitur:
357 3718 442 3791 cedit,
456 3716 591 3792 quoniam
605 3717 725 3792 spoliata
737 3717 871 3792 magistro
885 3724 937 3775 est.

127 3797 211 3855 Solus
222 3798 339 3874 jamque
352 3796 414 3872 ipso
429 3802 558 3871 superest
570 3795 600 3851 in
613 3795 670 3852 fine
684 3795 842 3854 Cloanthus
853 3815 861 3867 3

127 3877 224 3947 Quem
237 3875 317 3952 petit,
333 3883 361 3931 et
374 3875 491 3931 summis
506 3873 626 3931 adnixus
639 3873 746 3931 viribus
759 3882 847 3949 urget.

124 3956 204 4013 Tum
218 3950 286 4012 verb
297 3953 454 4027 ingeminat
468 3952 582 4026 clamor,
598 3953 751 4028 curretique
764 3958 932 4028 sequentem

127 4035 267 4110 Instigant
280 4032 389 4108 studiis,
403 4038 571 4107 resonatque
585 4031 741 4106 fragoribus
755 4029 852 4088 ather.

1478 1635 1497 1647 2
1489 1596 1498 1625 -a
1477 1519 1500 1551 z*
1478 1485 1494 1511 -2
1484 1444 1500 1470 as
1474 1077 1505 1426 ÷‘—:?'2÷-q.523'-÷⁶²¹÷“
1448 376 1504 1065 QAEK‘QQJ'Jgfmrzt-:ss
1484 350 1490 357 ·
