3076 4514
575 398 688 454 LIBER
707 400 741 453 V.

169 551 195 610 Ο
210 550 331 626 misere,
346 567 417 627 quas
430 568 487 608 non
501 567 612 624 manus,
627 549 728 626 inquit,
741 549 871 609 Achaica
882 548 959 608 bello
981 555 982 562 ’

169 629 302 690 Traxerit
315 629 353 686 ad
364 629 462 704 letum,
476 628 575 705 patrie
589 627 642 686 sub
656 629 815 688 moenibus!
837 649 854 686 o
868 649 938 705 gens

169 709 284 782 Infelix,
298 708 346 766 cui
359 716 388 766 te
402 707 490 766 exitio
503 707 616 766 fortuna
629 710 769 767 reservat!
1081 713 1139 767 625

81 793 85 808 “
171 788 300 864 Septima
311 795 376 864 post
389 787 484 866 Trojae
498 786 642 845 excidium
652 789 714 864 jam
728 787 846 845 vertitur
859 795 951 864 estas,

138 868 141 873 '
171 867 269 938 Quum
283 866 361 942 freta,
376 885 462 942 quum
477 873 564 923 terras
578 884 687 941 omnes,
701 873 743 924 tot
755 866 899 944 inhospita
912 885 990 942 saxa,
1022 883 1024 887 ’

171 946 337 1022 Sideraque,
352 945 475 1003 emensus
490 945 624 1017 serimur3
646 945 714 1002 dum
727 964 779 1022 per
792 964 869 1004 mare
882 964 1019 1022 magnum

171 1025 281 1083 ltaliam
295 1025 441 1102 sequimur
453 1023 619 1100 fugientem,
634 1032 664 1082 et
675 1022 816 1083 volvimur
827 1025 920 1084 undis.

171 1102 229 1162 Hic
243 1103 346 1181 Erycis
359 1103 432 1161 fines
445 1103 569 1179 fraterni,
585 1111 668 1180 atque
681 1103 787 1181 hospes
799 1104 939 1164 Acestes:

172 1182 250 1254 Quid
263 1182 395 1260 prohibet
408 1202 503 1256 muros
512 1183 620 1260 jacere,
635 1191 664 1241 et
677 1183 744 1240 dare
758 1182 869 1242 civibus
882 1181 1005 1242 urbem?

171 1261 196 1320 Ο
211 1263 317 1337 patria!
339 1269 369 1320 et
396 1261 455 1339 apti
468 1261 662 1338 nequidquam
676 1280 713 1318 ex
726 1261 809 1320 hoste
822 1261 963 1322 Penates!

170 1341 296 1400 Nullane
306 1342 367 1418 jam
410 1342 478 1418 rojae
492 1340 622 1397 dicentur
635 1339 763 1397 moenia?
782 1359 924 1418 nusquam

171 1419 330 1478 Hectoreos
344 1437 453 1493 amnes,
467 1417 618 1476 Xanthum
631 1426 661 1476 et
675 1419 832 1493 Simoenta,
845 1419 971 1480 videbo?

172 1499 250 1570 Quin
265 1498 348 1574 agite,
363 1504 393 1556 et
405 1515 520 1554 mecum
534 1496 671 1555 infaustas
685 1497 796 1554 exurite
808 1515 929 1576 puppes.

169 1577 246 1636 Nam
263 1576 334 1633 mihi
348 1575 515 1634 Cassandrre
527 1594 580 1653 per
593 1595 725 1634 somnum
738 1576 810 1635 vetis
824 1576 917 1654 imago
949 1624 952 1631 Δ
1012 1615 1017 1628 ·

169 1657 312 1715 Ardentes
326 1655 392 1713 dare
405 1654 468 1714 visa
480 1654 573 1713 iaces:
595 1653 654 1714 Hic
669 1655 786 1732 querite
800 1656 927 1735 Trojam,

156 1734 230 1794 ¹Hic
245 1735 346 1793 domus
360 1741 412 1809 est,
426 1733 528 1812 inquit,
541 1733 632 1793 vobis.
672 1735 736 1793 Jam
750 1743 864 1813 tempus
878 1735 923 1813 ugi
936 1753 997 1810 res3

170 1815 235 1874 Nec
250 1814 334 1873 tantis
348 1831 428 1871 mora
440 1814 591 1890 prodigiis:
614 1833 650 1872 en
664 1822 785 1891 quatuor
797 1833 852 1872 arse

171 1894 308 1970 Neptuno
319 1913 327 1966 ;
349 1893 420 1950 deus
433 1893 495 1970 ipse
508 1892 585 1952 iaces
598 1892 782 1972 animumque
796 1894 943 1952 ministrat.
992 1955 995 1963 ,

211 1973 284 2030 Haec
298 1991 467 2047 memorans,
481 1972 573 2049 prima
585 1972 728 2030 insensum
741 1972 772 2032 vi
785 1973 899 2050 corripit
911 1973 1026 2049 ignem3

174 2051 348 2129 Sublatalque
361 2051 461 2128 procul
475 2051 575 2110 dextri
590 2052 714 2110 connixa
726 2060 866 2128 coruscat,

172 2131 213 2189 Et
221 2131 299 2208 jacit.
339 2132 466 2189 Arrectae
480 2136 590 2188 mentes
604 2131 817 2208 stupefactaque
831 2127 916 2190 coida

173 2209 303 2268 Iliadum.
345 2207 404 2268 Hic
418 2228 475 2266 una
488 2228 505 2267 e
518 2209 626 2285 multis,
640 2229 704 2286 quae
718 2211 843 2269 maxima
855 2219 936 2288 natu,
1017 2253 1022 2264 .

172 2289 276 2366 Pyrgo,
291 2296 333 2348 tot
345 2288 452 2346 Priami
465 2295 594 2347 natorum
608 2289 687 2365 regis
699 2291 811 2349 nutrix:

172 2369 203 2428 N
204 2387 241 2428 on
254 2369 348 2426 Beroe
362 2368 525 2446 vobis„nou
539 2368 601 2426 haec
615 2368 761 2446 Rhoeteia,
773 2375 886 2448 matres,

173 2448 228 2508 Est
240 2447 359 2524 Dorycli
371 2449 497 2528 conjux:
519 2447 608 2505 divini
622 2448 702 2524 signa
716 2450 825 2508 decoris

173 2527 370 2604 Ardentesque
383 2534 479 2585 notate
493 2527 609 2600 oculos;
631 2528 679 2604 qui
693 2529 805 2605 spiritus
818 2527 870 2603 illi,

175 2606 233 2677 Qui
246 2605 349 2681 vultus,
363 2605 478 2663 vocisve
492 2625 588 2680 sonus,
601 2606 648 2663 vel
662 2626 774 2681 gressus
787 2607 875 2665 eunti.

175 2685 242 2760 lpsa
255 2691 369 2760 egomet
381 2685 488 2741 dudum
502 2684 616 2741 Beroen
631 2684 757 2760 digresso
769 2685 870 2762 reliqui

174 2764 302 2839 AEgrum,
316 2762 512 2837 indignantem
525 2761 574 2819 tali
588 2758 664 2837 qudd
678 2764 738 2820 sola
749 2769 859 2820 careret

174 2843 308 2915 Munere,
322 2859 376 2898 nec
390 2840 506 2898 meritos
519 2838 654 2897 Anchisae
668 2841 783 2899 inferret
795 2841 927 2898 honores.

175 2921 249 2979 Haec
263 2917 356 2978 effata.

174 3004 214 3059 At
227 2997 339 3074 mades,
353 2992 445 3075 primd
459 2995 606 3074 ancipites,
620 2996 766 3073 ocdlisque
778 2995 909 3071 malignis

175 3078 336 3154 Ambigu'n,
351 3073 477 3155 spectare
491 3075 723 3152 rates,'miselum
736 3067 948 3146 interldmorem

175 3157 329 3230 Praeseqtis
342 3162 432 3233 tertae,
446 3155 567 3233 salisque
580 3156 711 3214 vonantia
721 3157 827 3231 legna3

178 3238 276 3309 Quum
290 3237 347 3300 des
358 3255 388 3294 se
402 3235 517 3312 paribus
550 3233 896 3310 ertcoelumtsustulitlalis,

177 3317 382 3393 lugentemque
395 3315 462 3391 lugd
475 3255 566 3380 secvlit
578 3315 630 3374 sub
640 3314 885 3400 lupbibuslarcum.

177 3396 254 3453 Tum
267 3391 338 3452 vern
349 3395 473 3452 attonitae
487 3394 628 3469 monstris,
642 3401 769 3471 actaeque
782 3393 883 3466 surore,

116 3517 121 3530 2
176 3473 375 3546 Conclamant,
390 3473 556 3550 rapilmtque
570 3473 640 3531 ideis
652 3472 843 3550 penetralibus
850 3465 953 3546 lignem
965 3489 972 3528 :

177 3553 248 3612 Pars
261 3550 382 3628 spoliant
395 3547 466 3624 siras,
480 3549 608 3633 frondem
623 3571 655 3610 ao
668 3551 788 3628 virgulta
800 3550 932 3628 sanesque

64 3641 69 3649 “
178 3629 360 3710 conjiciunt:
381 3627 757 3694 suritimmimisqulcanus
769 3629 889 3694 habenis

178 3711 314 3768 Transtra
325 3711 385 3785 pert
400 3715 429 3767 et
441 3702 543 3783 relnos,
557 3698 799 3785 etlpictasnbiete'
807 3725 926 3785 puppes.

178 3788 310 3850 Nuntius
319 3783 454 3845 Anchinae
467 3788 502 3845 ad
516 3787 655 3846 tumulum
668 3805 830 3863 cuneosque
843 3782 946 3844 theutri

30 3877 32 3914 l
180 3868 316 3928 incensas
328 3863 433 3944 periert
444 3863 533 3923 nones
547 3865 687 3924 Eumelus
698 3885 706 3939 ;
727 3866 778 3923 eti
798 3865 822 3922 si

69 3953 72 3959 “
179 3943 352 4025 Respiciunt
365 3945 454 4008 atram
467 3944 497 4002 in
510 3943 608 4012 nimbo
620 3931 738 4010 volilure
750 3943 778 4001 ia
798 3941 883 3999 llam.
