2540 4320
503 427 617 484 urana
636 422 699 485 xri.
1027 408 1089 490 ‘our

120 577 163 638 Ut
174 574 299 656 'primdm
314 578 452 636 discussae
465 576 574 636 umbrae
589 587 618 638 et
630 579 682 638 lux
694 581 805 640 reddita
818 583 920 661 menti,
935 656 936 660 Ἰ

120 659 264 715 Ardentes
278 657 426 715 oculorum
439 657 521 714 orbes
536 659 571 715 ad
586 661 691 718 moenia
703 662 783 718 torsit

121 735 276 811 Turbidus,
294 754 365 812 eque
379 736 447 794 rotis
461 755 592 812 magnam
606 740 731 814 respexit
744 741 778 798 ad
792 739 902 798 urbem.

160 815 243 872 Ecce
257 823 353 873 autem
366 814 488 872 flammis
501 815 575 873 inter
587 816 712 876 tabulata
724 819 839 877 volutus

121 893 167 956 Ad
182 893 286 952 ooelum
300 892 426 952 undabat
438 905 547 970 vortex,
562 896 716 974 turrimque
735 897 858 974 tenebat,

122 972 237 1031 Turrim
250 972 406 1050 compactis
419 971 545 1032 trabibus
558 992 645 1050 quam
658 976 795 1035 eduxerat
807 977 878 1054 ipse,

121 1051 350 1129 Subdideratque
364 1060 449 1127 rotas,
461 1061 620 1130 pontesque
633 1054 800 1114 instraverat
814 1054 895 1114 altos.

119 1130 186 1190 Jarn
196 1133 257 1209 jam
270 1131 336 1208 fata,
350 1151 437 1207 soror,
451 1141 601 1208 superant,
622 1133 726 1193 absiste
739 1134 859 1194 morari:

121 1208 189 1282 Que
204 1211 285 1286 deus,
299 1218 329 1269 et
341 1207 397 1289 qud
412 1211 482 1268 dura
493 1218 577 1268 vocat
589 1211 709 1288 fortuna,
723 1232 883 1290 sequamur.

59 1293 62 1300 '
121 1289 184 1349 Stat
197 1290 454 1348 conferremanum
467 1290 581 1363 AEneae,
596 1297 651 1356 stat
664 1292 802 1368 quidquid
816 1294 912 1356 acerbi
923 1302 967 1353 est

119 1369 217 1428 Morte
230 1370 306 1446 pati,
328 1387 382 1426 nec
397 1385 444 1426 me
457 1367 632 1443 indecorem,
646 1388 789 1446 germana,
802 1372 914 1431 videbis

55 1503 58 1508 .
119 1445 271 1524 Ampliris:
293 1446 381 1522 hunc,
396 1465 454 1520 oro,
470 1446 531 1504 sine
544 1466 591 1505 mc
604 1447 696 1505 furere
711 1447 775 1507 ante
789 1449 921 1509 furorem.

64 1530 65 1534 ’
119 1527 213 1601 Dixit,
228 1535 256 1585 et
270 1544 286 1583 e
301 1544 384 1582 curru
398 1524 501 1589 saltum
515 1525 594 1585 dedit
607 1523 686 1585 ocius
701 1528 792 1586 arvis:
898 1555 904 1567 ·

119 1605 233 1681 Perque
246 1604 352 1679 hostes,
366 1622 418 1681 per
430 1603 488 1661 tela
500 1605 565 1679 ruit,
580 1613 766 1684 moestamque
780 1626 904 1666 sororem

120 1684 245 1759 Deserit,
261 1703 294 1742 ac
308 1683 406 1760 rapido
419 1702 504 1741 cursu
517 1685 612 1742 media
625 1686 738 1762 agmina
750 1687 863 1764 rumpit.

119 1766 166 1822 Ac
178 1762 268 1822 veluti
282 1764 386 1821 montis
399 1782 501 1821 saxum
515 1762 551 1820 de
564 1764 671 1822 vertice
684 1783 811 1844 praeeeps

121 1843 220 1914 Quum
234 1842 290 1900 ruit
302 1842 434 1900 avulsum
446 1848 542 1916 vento,
557 1860 608 1900 seu
621 1842 751 1902 turbidus
764 1844 857 1904 imber

121 1921 241 1997 Proluit,
256 1929 304 1981 aut
317 1921 398 1978 annis
412 1921 497 1978 solvit
509 1921 643 1998 sublapsa
654 1931 797 1999 vetustas,

119 2001 223 2059 Fertur
236 2001 267 2058 in
280 2000 430 2076 abruptum
443 2019 547 2075 magno
561 2019 644 2059 mons
657 2002 803 2079 improbus
817 2010 890 2079 actu,
940 2014 946 2023 “

33 2115 36 2126 ·
120 2079 312 2157 Exsultutque
326 2079 396 2152 solo,
410 2077 505 2154 silvas,
520 2088 655 2154 armenta,
669 2100 810 2159 vrrosque,

119 2158 276 2217 Involvens
290 2176 406 2216 secum:
428 2157 548 2236 disjecta
559 2177 611 2236 per
624 2159 737 2235 agmina
749 2161 865 2219 Turnus

119 2238 170 2296 Sic
182 2236 259 2296 urbis
273 2237 331 2296 ruit
342 2238 379 2295 ad
392 2256 497 2314 muros,
511 2237 563 2295 ubi
576 2237 698 2314 plurima
710 2239 773 2299 fuso

119 2317 267 2394 Sanguine
280 2324 354 2376 terra
366 2317 471 2391 madet,
486 2317 665 2394 striduntque
678 2317 827 2378 hastilibus
841 2337 933 2393 aure3

120 2396 325 2473 Significatque
340 2415 434 2471 manu,
449 2404 479 2456 et
491 2415 595 2472 magno
609 2397 693 2454 simul
706 2398 807 2476 incipit
820 2416 887 2458 ore:

118 2476 232 2535 Parcite
242 2480 312 2555 Jam,
326 2475 447 2548 Rutuli3
468 2483 498 2534 et
510 2494 570 2550 vos,
585 2475 643 2535 tela
655 2476 792 2553 inhibete,
807 2479 920 2538 Latini:

121 2554 321 2631 Quaecumque
336 2563 380 2613 est
391 2554 512 2629 fortuna,
527 2574 591 2612 mea
604 2563 665 2629 est3
687 2573 734 2613 me
747 2557 843 2619 verius
856 2575 945 2618 unum

119 2634 177 2691 Pro
190 2633 272 2692 vobis
284 2633 377 2691 foedus
389 2633 479 2706 lucre,
494 2641 523 2691 et
537 2633 689 2692 decernere
702 2634 784 2697 terro.

120 2709 287 2771 Discessere
301 2730 400 2768 omnes
411 2711 510 2786 medii,
525 2711 705 2788 spatiumque
719 2711 833 2786 dedere.

160 2793 201 2850 At
212 2799 292 2868 pater
305 2789 425 2863 AEneas,
440 2788 536 2846 audito
549 2789 666 2848 nomine
679 2790 780 2867 Turni,

120 2870 238 2928 Deserit
249 2876 278 2927 et
290 2885 396 2940 muros,
410 2876 440 2926 et
451 2886 576 2925 summas
590 2868 695 2938 deserit
708 2887 804 2943 arces3

120 2948 340 3026 Praecipitatque
354 2965 447 3004 moras
460 2964 578 3020 omues;
600 2964 687 3023 opera
698 2947 794 3009 omnia
806 2947 920 3025 rumpit,

120 3027 235 3087 Laetitie
249 3025 393 3084 exsultans
404 3045 412 3098 ;
434 3022 665 3102 horrendumque
677 3025 787 3085 intonat
799 3026 900 3085 armis:

121 3108 255 3180 Quantus
268 3105 370 3180 Athos,
385 3112 434 3163 aut
446 3112 569 3182 quantus
583 3103 674 3181 Eryx,
689 3111 737 3162 aut
748 3104 819 3183 ipse,
835 3106 961 3164 conracia

121 3187 220 3258 Quum
234 3185 329 3244 fremit
342 3182 466 3258 ilicibus,
480 3191 612 3260 quantus,
627 3183 787 3260 gaudetque
800 3183 888 3244 nivali
970 3207 973 3213 ¹

120 3266 237 3325 Verticc
250 3283 281 3323 se
295 3263 425 3323 attollens
437 3271 518 3342 pater
530 3263 702 3340 Apenninus
715 3263 755 3321 ad*
765 3280 854 3323 auras.

120 3345 137 3402 J
139 3365 185 3402 am
198 3341 266 3403 verb
280 3350 310 3402 et
322 3342 425 3402 Rutuli
438 3341 577 3418 certatim,
591 3349 620 3400 et
633 3342 735 3419 Troes,
750 3352 779 3402 et
792 3360 898 3407 ornnes:
1004 3404 1005 3410 ,

122 3420 297 3482 Convertere
310 3422 407 3480 oculos
421 3421 495 3497 Itali,
510 3421 615 3498 quique
628 3421 683 3480 alta
695 3422 835 3482 tenebant

121 3502 242 3578 Moenia,
256 3500 359 3578 quique
372 3500 445 3558 imos
458 3499 610 3577 pulsabant
623 3500 710 3560 ariete
723 3520 835 3576 muros3

121 3582 266 3657 Armaque
279 3576 436 3656 deposuere
449 3577 594 3636 humeris:
616 3587 712 3657 stupet
724 3579 785 3657 ipse
799 3581 935 3657 Latinus,
1017 3648 1019 3652 ,

123 3659 266 3736 Ingentes,
281 3657 391 3733 genitos
404 3657 523 3714 diversis
535 3654 660 3733 partibus
674 3657 759 3735 orbis,

122 3739 202 3797 Inter
215 3756 245 3796 se
259 3735 360 3794 coiisse
373 3735 458 3810 viros,
473 3743 502 3794 et
515 3753 631 3795 cernere
644 3736 726 3795 ferro.

161 3820 256 3893 Atque
269 3813 320 3889 illi,
333 3822 366 3873 nt
377 3831 469 3871 vacuo
482 3821 632 3891 patuerunt
645 3833 756 3890 aequore
769 3815 874 3895 campi,
943 3814 951 3891 J

122 3896 262 3956 Procursu
276 3912 306 3950 ra
326 3892 382 3968 ido,
397 3891 534 3970 conjectis
548 3891 659 3950 eminus
672 3893 769 3968 hastis,
936 3886 954 3949 e

125 3974 265 4034 Invadunt
278 3913 402 4110 {genem
416 3970 524 4049 clypeis
537 3978 621 4048 atque
635 3989 690 4030 aere
704 3990 824 4045 sonoro;
