3128 4456
681 383 794 440 LIBER
813 384 864 440 111.

291 533 368 594 Solis
382 533 417 592 ad
430 551 570 609 occasum,
584 553 672 611 quum
686 534 803 611 frigidus
817 539 883 596 adra
894 555 997 616 vesper

290 615 453 691 Temperat,
468 621 497 671 et
510 613 596 672 saltus
610 614 700 672 reficit
709 617 771 693 jam
784 616 894 674 roscida
905 615 983 694 luna,
1074 638 1078 646 ·

289 693 455 769 Litteraque
470 691 617 769 alcyonem
630 703 771 768 resonant,
786 693 963 753 acalanthida
975 695 1063 754 dumi.
1087 697 1088 702 ’

330 771 409 843 Quid
422 769 473 829 tihi
486 780 613 848 pastores
627 771 738 849 Libye,
753 773 820 849 quid
833 792 939 850 pascua
950 793 1034 833 versu
1165 768 1177 787 ’“

289 851 459 928 Prosequar,
474 859 502 909 et
515 851 583 909 raris
596 851 720 910 habitata
733 852 855 931 mapalia
867 854 969 911 tectis?
1195 857 1252 912 840

292 928 376 1009 Saepe
390 931 466 990 diem
480 939 658 1006 noctemque,
673 939 702 989 et
714 938 804 988 totum
818 949 855 989 ex
869 932 966 989 ordine
979 949 1117 1009 mensem,

291 1010 421 1069 Pascitur
433 1011 510 1088 itque
523 1023 611 1089 pecus
623 1009 708 1086 longa
721 1009 750 1066 in
765 1010 875 1068 deserta
888 1011 950 1068 sine
962 1009 1029 1080 ullis
1135 1012 1137 1020 ’

294 1089 452 1167 Hospitiis:
473 1086 583 1148 tantiam
597 1089 689 1164 campi
698 1090 791 1165 jacet!
814 1089 918 1147 Omnia
931 1108 1027 1148 secum

290 1169 484 1229 Armentarius
497 1167 566 1225 Afer
580 1168 645 1243 agit,
660 1175 833 1244 tectumque,
847 1168 1001 1245 laremque,

290 1249 443 1324 Armaque,
458 1245 693 1322 Amyolaeumque
707 1265 816 1321 canem,
831 1247 1019 1324 Cressamque
1032 1247 1200 1326 pharetram.

290 1327 358 1385 Non
370 1323 452 1383 sectis
466 1345 499 1383 ac
512 1324 608 1401 patriis
622 1343 686 1382 acer
697 1325 845 1382 Romanus
859 1326 887 1382 in
902 1327 985 1384 armis
1196 1329 1251 1383 846

290 1406 399 1483 Injusto
413 1403 464 1462 snb
478 1403 555 1461 fasce
568 1403 644 1460 viam
655 1411 742 1479 quum
755 1403 854 1480 carpit,
868 1412 897 1460 et
909 1403 984 1462 hosti

290 1485 366 1542 Ante
380 1490 574 1560 exspectatum
587 1482 685 1557 positis
699 1481 795 1539 stetin
810 1480 922 1556 agmine
935 1482 1041 1540 castris.

329 1565 368 1620 At
380 1581 437 1619 non
451 1562 507 1638 quia
522 1560 646 1636 Scythiae
661 1567 770 1636 gentes,
784 1559 959 1636 Maeotiaque
972 1560 1058 1637 unda,

291 1641 433 1708 Turbidus
449 1650 477 1698 et
489 1647 622 1716 torquens
634 1639 771 1697 flaventes
785 1638 858 1696 Ister
871 1657 979 1716 arenas,
1195 1641 1252 1698 858

292 1719 413 1797 Quisque
426 1719 500 1777 redit
512 1718 637 1776 medium
651 1718 792 1794 Rhodope
805 1726 934 1794 porrecta
946 1717 999 1776 sub
1013 1737 1104 1778 axem.

292 1799 354 1856 Illic
368 1799 465 1857 clausa
477 1805 576 1856 tenent
588 1796 704 1855 stabulis
724 1805 867 1871 armenta;
887 1816 981 1876 neque
994 1797 1061 1855 ullor

291 1879 352 1936 Aut
364 1877 459 1935 herbae
474 1896 576 1953 eampo
591 1885 733 1954 apparent,
749 1881 798 1934 a'ut
811 1875 909 1933 arbore
921 1877 1051 1936 frondes:

293 1956 351 2014 Sed
360 1958 438 2034 jacet
451 1956 599 2032 aggeribus
612 1955 703 2014 niveis
718 1954 845 2013 informis
859 1962 888 2013 et
901 1955 957 2014 alto

293 2035 382 2092 Terra
395 2033 460 2110 gelu
474 2032 541 2111 late,
555 2043 720 2111 septemque
735 2035 855 2108 assurgit
867 2034 897 2091 in
910 2035 1009 2108 ulnas;
1197 2033 1254 2090 856

293 2113 413 2190 Semper
426 2113 529 2189 hiems,
543 2131 656 2190 semper
669 2114 806 2192 spirantes
819 2112 922 2188 frigora
935 2113 1021 2172 cauri.

291 2192 368 2249 Tum
384 2183 435 2250 Sor
445 2191 583 2268 pallentes
596 2192 673 2268 haud
686 2212 810 2269 unquam
824 2191 939 2251 discutit
952 2191 1083 2266 umbras3
1213 2228 1222 2266 q

291 2271 321 2329 N
323 2290 356 2329 ec
371 2291 460 2347 quum
473 2270 601 2332 invectus
612 2271 691 2348 equis
705 2271 791 2329 altum
803 2271 875 2348 petit
888 2271 1003 2348 aethera,
1017 2290 1071 2330 nec
1085 2287 1171 2348 quum

291 2349 471 2427 Praecipitem
486 2343 594 2408 Oceani
602 2350 691 2408 -rnhro
704 2349 773 2408 lavit
786 2369 898 2426 aequore
912 2369 1034 2409 currum.

292 2429 486 2487 Concrescunt
499 2428 598 2487 subitae
612 2429 735 2488 currenti
748 2430 778 2486 in
791 2429 908 2488 flumine
922 2439 1034 2506 crustae,
1197 2433 1254 2488 860

275 2507 434 2585 .Undaque
443 2511 504 2586 jam
518 2516 597 2584 tergo
609 2507 725 2568 serratos
739 2508 859 2566 sustinet
872 2509 963 2584 orbes,

291 2585 438 2664 Puppibus
451 2587 501 2644 illa
512 2583 591 2663 priris
603 2588 715 2664 patulis,
729 2605 806 2644 nunc
819 2587 931 2664 hospita
943 2587 1092 2665 plaustris:

257 2683 263 2690 ·
292 2664 418 2740 AEraqne
432 2665 576 2723 dissiliunt
588 2663 684 2741 vuigh,
698 2675 849 2741 vestesque
862 2666 1007 2742 rigescunt
1078 2699 1085 2707 »

292 2741 413 2818 lndutae,
428 2743 598 2819 ceduntque
609 2743 754 2801 securibus
766 2744 885 2801 humida
896 2744 972 2820 vina,

292 2820 332 2878 Et
344 2827 410 2878 totae
424 2821 542 2878 solidam
555 2821 585 2877 in
600 2820 719 2896 glaciem
732 2819 842 2878 vertere
855 2819 976 2896 lacunae,
1198 2825 1255 2880 868

293 2899 434 2976 Stiriaque
447 2899 569 2976 impexis
582 2899 708 2956 induruit
719 2899 832 2955 horrida
844 2898 947 2956 barbis.

293 2979 406 3038 Interea
418 2986 476 3038 toto
489 2997 545 3035 non
558 2973 651 3035 seciris
665 2980 730 3034 aere
743 2976 850 3052 ningit:

293 3059 440 3116 Intereunt
453 3057 595 3135 pecudes;
616 3062 691 3114 stant
703 3054 873 3113 circumfusa
885 3055 993 3132 pruinis

293 3137 419 3214 Corpora
431 3155 534 3212 magna
545 3136 649 3208 houm;
670 3133 853 3210 consertoque
866 3135 979 3210 agmine
993 3134 1069 3198 cervi

293 3215 420 3294 Torpent
433 3215 508 3272 mois
522 3214 605 3288 novt,
620 3221 648 3271 et
661 3213 779 3271 summis
791 3214 841 3272 vix
854 3213 986 3273 cornibus
1000 3221 1120 3276 exstant.
1197 3216 1255 3273 870

293 3292 356 3353 Hos
369 3314 426 3353 non
440 3293 574 3352 immissis
587 3292 715 3368 canibus,
728 3312 786 3351 non
799 3291 926 3351 cassibus
935 3292 1010 3370 ullis,

293 3371 464 3430 Puniceaeve
478 3372 584 3448 agitant
595 3371 712 3448 pavidos
726 3369 874 3429 formidine
886 3371 1000 3447 pinnae3

295 3451 353 3509 Sed
365 3451 467 3509 frustra
479 3451 638 3527 oppositum
652 3449 798 3507 tmdentes
810 3456 925 3526 pectore
938 3459 1064 3510 montem

180 3577 187 3584 .
294 3528 462 3588 Comminus
476 3527 644 3586 obtruncant
656 3526 738 3601 ferro,
752 3528 929 3604 graviterque
942 3529 1076 3588 rudentes
1109 3547 1113 3551 ·

294 3607 427 3681 Credunt,
442 3613 471 3664 et
480 3626 583 3684 magno
595 3604 654 3663 laeti
668 3604 788 3662 clamore
802 3613 950 3683 reportant·
1196 3605 1254 3670 878

333 3685 393 3762 ipsi
405 3685 435 3742 in
448 3683 567 3742 defossis
582 3682 721 3761 specubus
734 3701 834 3742 secura
846 3684 898 3743 suh
912 3685 968 3744 alti

295 3764 362 3824 Otia
375 3770 462 3840 agunt
474 3763 557 3837 terra,
571 3769 759 3838 congestaque
772 3763 880 3837 robora,
893 3771 1023 3842 totasque

296 3839 455 3901 Advolvbre
468 3841 538 3899 iocis
551 3840 652 3915 ulmos,
666 3840 781 3916 ignique
794 3839 908 3898 dedere.

296 3919 353 3982 Hic
366 3929 480 3980 noctem
492 3919 560 3978 ludo
573 3920 690 3995 ducunt,
704 3927 732 3976 et
743 3919 845 3996 pocula
857 3918 916 3977 lau
