3128 4456
656 389 768 446 LIBER
786 390 822 444 11.
1180 394 1216 452 51

263 543 325 600 Aut
339 539 392 598 illm
406 540 501 616 pecori
515 541 652 612 frondem,
667 551 716 598 aut
727 539 884 616 pastoribus
898 541 1021 612 umbrae,
1124 541 1128 550 '
1160 541 1235 600 43⁵.

262 619 425 692 Sufficiunt,
436 637 585 695 sepemque
599 619 675 691 satis,
689 629 718 676 et
731 619 832 695 pabula
845 619 929 677 melli.

205 694 209 705 '
261 700 302 758 Et
313 701 391 776 juvat
404 698 558 758 undantem
574 698 648 756 buxo
661 708 787 772 spectare
801 697 947 772 Cytorum,

261 779 452 854 Narycieque
466 777 537 852 picis
550 775 648 834 lucos:
666 777 745 854 juvat
758 794 824 833 arva
836 777 941 850 videre,

262 857 332 914 Non
347 856 442 914 rastris
456 855 611 927 hominum,
625 874 683 914 non
697 854 747 910 ulli
761 855 881 913 obnoxia
894 873 978 912 curm.

263 936 338 1014 lpsae
353 929 493 993 Caucasio
506 933 614 993 steriles
627 934 656 992 in
670 934 773 990 vertice
787 932 873 1001 silve,
1162 932 1222 992 Ml)

261 1015 347 1080 Quas
362 1013 479 1071 animosi
494 1011 563 1070 Euri
577 1009 689 1070 assidue
701 1011 888 1088 franguntque
900 1010 1048 1090 feruntque

262 1094 344 1152 Dant
357 1093 426 1150 alios
442 1091 503 1150 alta
517 1092 618 1164 fmtus3
640 1091 709 1147 dant
723 1090 790 1147 utile
804 1090 924 1167 lignum,

263 1171 395 1248 Navigiis
409 1171 499 1248 pinos,
513 1171 642 1230 domibus
655 1168 827 1245 cedrumque
842 1187 1044 1246 cupressosque

259 1252 340 1310 ilinc
355 1252 447 1311 radios
460 1249 564 1312 trivere
577 1252 655 1327 rotis,
668 1251 737 1311 hinc
751 1260 887 1330 tympana
898 1249 1040 1344 plaustris,
1062 1288 1069 1302 ι
1100 1271 1107 1306 2
1166 1278 1169 1286 ·

259 1330 414 1407 Agricola,
429 1338 458 1390 et
492 1331 579 1388 andas
592 1330 699 1389 retibus
712 1327 835 1408 posuere
849 1348 967 1388 eminas.

259 1407 427 1472 Viminibus
441 1428 454 1466 s
485 1409 543 1466 ices
557 1407 709 1483 foecundae,
722 1406 868 1466 frondibus
882 1407 971 1466 ulmi:

260 1489 302 1547 Aa
315 1495 424 1564 myrtus
437 1485 539 1544 validis
551 1484 711 1561 hastilibus,
726 1494 755 1545 et
767 1483 842 1542 bona
854 1483 931 1543 bello

262 1565 395 1639 Comus;
417 1565 535 1641 Ityraeos
548 1564 607 1624 taxi
621 1561 786 1644 torquentur
799 1563 829 1622 in
843 1582 933 1622 meus.

261 1643 294 1704 N
295 1663 328 1704 ec
341 1644 409 1703 tiliae
422 1643 511 1720 leves,
526 1651 574 1702 aut
586 1650 667 1702 torno
681 1642 764 1702 rasile
777 1642 896 1720 buxum,

261 1722 332 1783 Non
345 1722 464 1782 formam
477 1722 630 1800 accipiunt,
643 1721 775 1799 ferroque
788 1730 924 1781 cavantur
937 1728 1038 1780 scuto:

261 1801 328 1865 Nec
341 1821 398 1860 non
413 1810 442 1860 et
454 1810 607 1861 torrentem
620 1801 727 1860 undam
740 1801 811 1860 levis
824 1801 934 1860 innatat
947 1801 1029 1860 alnus

263 1880 356 1940 Missa
367 1880 456 1957 Pado,
470 1899 525 1939 nec
539 1899 596 1941 non
611 1888 640 1940 et
654 1880 868 1958 apes-examina
880 1882 1007 1938 condunt

263 1959 483 2036 corticibusque
496 1959 574 2032 cavis
588 1959 755 2036 vitiosaeque
768 1959 843 2018 ilicis
857 1959 947 2018 alveo.

264 2038 344 2111 Quid
357 2040 572 2100 memorandum
586 2035 669 2117 aequtl
684 2037 831 2103 Baccheia
843 2038 920 2098 done
931 2036 1081 2098 tulerunt?

262 2117 396 2180 Bacchus
410 2128 439 2178 et
452 2120 488 2180 nd
500 2120 614 2201 culpam
628 2140 729 2185 causes
743 2117 839 2182 dedit:
861 2117 910 2178 ille
922 2116 1048 2178 furentes

263 2201 422 2266 Centauros
434 2199 492 2262 leto
506 2201 626 2280 domuit,
640 2203 847 2282 Rhoetumque,
861 2197 1053 2288 Pholumque,

262 2280 305 2340 Et
316 2300 419 2359 magno
433 2282 571 2360 Hylaeum
584 2282 714 2364 Lapithis
728 2292 836 2343 cratere
849 2284 1016 2346 minantem.

303 2359 328 2420 0
342 2359 498 2420 fortunatos
511 2358 644 2438 nimium,
657 2381 710 2422 sus
722 2363 748 2422 si
760 2363 837 2422 bona
848 2362 952 2442 ndrint,

262 2439 420 2516 Agricolas,
434 2441 539 2518 quibus
551 2441 622 2519 ipsa,
636 2441 737 2520 procul
750 2443 928 2504 discordibus
942 2445 1036 2522 armis,

262 2517 372 2582 Fundit
384 2519 474 2578 huma
488 2519 601 2580 facilem
613 2521 723 2581 netum
733 2523 892 2600 justissima
904 2523 1006 2582 tellus!

264 2596 296 2658 Si
309 2613 366 2658 uon
381 2598 526 2674 ingentem
539 2598 648 2658 foribus
661 2600 763 2658 domus
777 2602 833 2660 alta
845 2601 974 2679 superbis
1051 2609 1056 2630 '
1096 2641 1100 2656 ,

263 2674 352 2735 Mane
367 2676 539 2754 salutantum
552 2679 619 2738 totis
631 2679 723 2738 vomit
736 2680 845 2738 sedibus
857 2680 976 2762 undam,
993 2681 1015 2735 l·
1029 2693 1074 2731 ι-ἰ
1200 2735 1218 2747 ,

263 2753 329 2813 Nec
342 2754 435 2814 varios
448 2755 560 2815 inhiant
572 2755 691 2834 pulchris
705 2758 847 2816 testudine
860 2753 965 2837 postes,

264 2832 423 2910 Illusasque
438 2851 506 2893 auro
519 2842 623 2910 vestes,
638 2835 842 2911 Ephyreiaque
857 2855 931 2909 aere3

263 2910 445 2989 Albanaque
460 2913 576 2988 Assyrio
590 2911 702 2972 lucatur
713 2913 779 2971 lana
791 2933 914 2989 veneno,

263 2990 294 3050 N
295 3009 328 3049 eu
342 2990 419 3049 casii
432 2990 534 3068 liquidi
547 2991 737 3068 corrumpitur
749 3011 819 3050 usus
833 2992 919 3052 olivi:

264 3071 303 3129 At
316 3089 416 3129 secura
428 3071 519 3147 quies,
534 3078 564 3129 et
576 3070 675 3130 nescia
687 3065 783 3130 fallere
796 3072 864 3148 vitu,

263 3149 354 3208 Dives
368 3168 457 3226 opum
470 3149 631 3224 vanarum
652 3149 757 3210 stlatis
771 3151 830 3210 otia
841 3150 946 3226 fundis,

265 3227 286 3287 S
307 3228 428 3304 sinnam,
441 3228 559 3306 vivique
571 3228 672 3304 lecus3
695 3237 723 3290 st
736 3229 837 3306 frigida
849 3229 973 3308 Tempe,

299 3308 453 3384 ugitusque
465 3305 564 3384 boum,
579 3308 738 3386 mollesque
751 3309 805 3368 sub
819 3308 917 3368 arbore
931 3309 1033 3386 mmai,

263 3384 333 3444 Non
347 3386 469 3459 absuut;
491 3387 550 3446 illie
563 3387 652 3447 saltus
666 3407 699 3446 ac
713 3387 802 3446 lustra
814 3387 947 3464 ferarum,

264 3463 305 3522 Et
316 3464 427 3541 patiens
441 3485 560 3543 operum
574 3467 737 3542 exiguoque
750 3475 863 3525 assueta
872 3469 1019 3545 juventus,

266 3543 353 3601 Sacra
365 3542 463 3618 delum,
477 3545 624 3623 sanctique
638 3553 731 3622 patres
743 3565 750 3603 τ
772 3553 899 3604 extrema
910 3565 962 3624 per
973 3546 1038 3604 illos

263 3621 377 3682 Justitia
390 3623 534 3681 excedens
547 3623 629 3683 terris
641 3622 762 3699 vestigia
775 3622 850 3683 fecit.

302 3700 355 3759 Me
368 3696 436 3758 verd
450 3697 575 3777 primum
588 3701 688 3760 dulces
702 3710 768 3760 ante
781 3702 878 3761 omnia
890 3702 996 3778 Musae,

265 3778 395 3852 Quarum
409 3797 490 3837 sacra
502 3780 561 3838 lero
574 3781 683 3856 ingenti
696 3799 848 3857 percussus
862 3799 967 3855 amore,

264 3857 435 3936 Accipiant3
457 3858 579 3935 coelique
592 3859 654 3917 vias
668 3867 697 3918 et
710 3859 803 3918 sidera
815 3868 981 3934 monstrent,

265 3937 403 3996 Defectus
417 3935 484 3995 solis
497 3937 599 4013 varios,
614 3936 747 4015 lunaeque
760 3936 889 4009 labores3

546 4083 562 4120 4
