<?xml version="1.0" encoding="UTF-8"?>
<!DOCTYPE html PUBLIC "-//W3C//DTD XHTML 1.0 Transitional//EN"
    "http://www.w3.org/TR/xhtml1/DTD/xhtml1-transitional.dtd">
<html xmlns="http://www.w3.org/1999/xhtml" xml:lang="en" lang="en">
 <head>
  <title>
</title>
<meta http-equiv="Content-Type" content="text/html;charset=utf-8" />
  <meta name='ocr-system' content='tesseract 3.04.00' />
  <meta name='ocr-capabilities' content='ocr_page ocr_carea ocr_par ocr_line ocrx_word'/>
</head>
<body>
  <div class='ocr_page' id='page_1' title='image "./bucolicageorgic06virggoog/bucolicageorgic06virggoog_0275.png"; bbox 0 0 2712 4488; ppageno 0'>
   <div class='ocr_carea' id='block_1_1' title="bbox 194 515 766 574">
    <p class='ocr_par' dir='ltr' id='par_1_1' title="bbox 194 515 766 574">
     <span class='ocr_line' id='line_1_1' title="bbox 194 515 766 574; baseline -0.003 0"><span class='ocrx_word' id='word_1_1' title='bbox 194 515 248 574; x_wconf 64' lang='lat'><strong>266</strong></span> <span class='ocrx_word' id='word_1_2' title='bbox 587 517 766 572; x_wconf 74' lang='lat' dir='ltr'>AENRIDOS</span> 
     </span>
    </p>
   </div>
   <div class='ocr_carea' id='block_1_2' title="bbox 134 666 1166 4050">
    <p class='ocr_par' dir='ltr' id='par_1_2' title="bbox 134 666 1166 4050">
     <span class='ocr_line' id='line_1_2' title="bbox 194 666 851 744; baseline -0.003 -18"><span class='ocrx_word' id='word_1_3' title='bbox 194 667 236 726; x_wconf 87' lang='lat' dir='ltr'><strong>Hi</strong></span> <span class='ocrx_word' id='word_1_4' title='bbox 248 667 336 728; x_wconf 77' lang='lat' dir='ltr'><strong>nostri</strong></span> <span class='ocrx_word' id='word_1_5' title='bbox 349 666 456 726; x_wconf 90' lang='lat' dir='ltr'><strong>reditus</strong></span> <span class='ocrx_word' id='word_1_6' title='bbox 469 667 682 744; x_wconf 88' lang='lat' dir='ltr'><strong>exspectatique</strong></span> <span class='ocrx_word' id='word_1_7' title='bbox 695 666 851 742; x_wconf 87' lang='lat' dir='ltr'><strong>triumphi!</strong></span> 
     </span>
     <span class='ocr_line' id='line_1_3' title="bbox 194 745 1166 824; baseline 0 -20"><span class='ocrx_word' id='word_1_8' title='bbox 194 746 267 804; x_wconf 72' lang='lat' dir='ltr'><strong>Haec</strong></span> <span class='ocrx_word' id='word_1_9' title='bbox 282 765 347 805; x_wconf 90' lang='lat' dir='ltr'><strong>mea</strong></span> <span class='ocrx_word' id='word_1_10' title='bbox 359 764 464 822; x_wconf 89' lang='lat' dir='ltr'><strong>magna</strong></span> <span class='ocrx_word' id='word_1_11' title='bbox 476 745 566 803; x_wconf 81' lang='lat' dir='ltr'><strong>fides!</strong></span> <span class='ocrx_word' id='word_1_12' title='bbox 585 747 626 803; x_wconf 83' lang='lat' dir='ltr'><strong>At</strong></span> <span class='ocrx_word' id='word_1_13' title='bbox 638 764 705 820; x_wconf 89' lang='lat' dir='ltr'><strong>nou,</strong></span> <span class='ocrx_word' id='word_1_14' title='bbox 721 746 865 822; x_wconf 85' lang='lat' dir='ltr'><strong>Evandre,</strong></span> <span class='ocrx_word' id='word_1_15' title='bbox 880 746 1021 824; x_wconf 87' lang='lat' dir='ltr'><strong>pudendis</strong></span> <span class='ocrx_word' id='word_1_16' title='bbox 1125 749 1166 804; x_wconf 72' lang='lat'><strong>55</strong></span> 
     </span>
     <span class='ocr_line' id='line_1_4' title="bbox 194 823 968 902; baseline -0.001 -20"><span class='ocrx_word' id='word_1_17' title='bbox 194 823 370 883; x_wconf 81' lang='lat' dir='ltr'>Vulneribus</span> <span class='ocrx_word' id='word_1_18' title='bbox 383 825 496 902; x_wconf 90' lang='lat' dir='ltr'><strong>pulsum</strong></span> <span class='ocrx_word' id='word_1_19' title='bbox 511 824 668 900; x_wconf 87' lang='lat' dir='ltr'><strong>adspicies;</strong></span> <span class='ocrx_word' id='word_1_20' title='bbox 689 843 743 882; x_wconf 84' lang='lat' dir='ltr'><strong>uec</strong></span> <span class='ocrx_word' id='word_1_21' title='bbox 757 824 862 902; x_wconf 80' lang='lat' dir='ltr'><strong>sospite</strong></span> <span class='ocrx_word' id='word_1_22' title='bbox 876 825 968 883; x_wconf 92' lang='lat' dir='ltr'><strong>dirum</strong></span> 
     </span>
     <span class='ocr_line' id='line_1_5' title="bbox 195 901 953 982; baseline -0.003 -20"><span class='ocrx_word' id='word_1_23' title='bbox 195 903 313 982; x_wconf 83' lang='lat' dir='ltr'><strong>Optabis</strong></span> <span class='ocrx_word' id='word_1_24' title='bbox 327 911 393 963; x_wconf 84' lang='lat' dir='ltr'><strong>nato</strong></span> <span class='ocrx_word' id='word_1_25' title='bbox 406 903 493 961; x_wconf 69' lang='lat' dir='ltr'><strong>mnus</strong></span> <span class='ocrx_word' id='word_1_26' title='bbox 504 911 593 980; x_wconf 88' lang='lat' dir='ltr'><strong>pater.</strong></span> <span class='ocrx_word' id='word_1_27' title='bbox 634 901 693 960; x_wconf 88' lang='lat' dir='ltr'><strong>Hei</strong></span> <span class='ocrx_word' id='word_1_28' title='bbox 706 902 795 960; x_wconf 88' lang='lat' dir='ltr'><strong>mihi!</strong></span> <span class='ocrx_word' id='word_1_29' title='bbox 817 912 953 978; x_wconf 89' lang='lat' dir='ltr'><strong>quantum</strong></span> 
     </span>
     <span class='ocr_line' id='line_1_6' title="bbox 193 981 971 1058; baseline -0.004 -16"><span class='ocrx_word' id='word_1_30' title='bbox 193 981 370 1058; x_wconf 77' lang='lat' dir='ltr'><strong>Presidium,</strong></span> <span class='ocrx_word' id='word_1_31' title='bbox 384 981 520 1055; x_wconf 83' lang='lat' dir='ltr'><strong>Ausonia,</strong></span> <span class='ocrx_word' id='word_1_32' title='bbox 535 990 564 1039; x_wconf 88' lang='lat' dir='ltr'><strong>et</strong></span> <span class='ocrx_word' id='word_1_33' title='bbox 576 988 712 1058; x_wconf 87' lang='lat' dir='ltr'><strong>quantum</strong></span> <span class='ocrx_word' id='word_1_34' title='bbox 726 988 757 1039; x_wconf 94' lang='lat' dir='ltr'><strong>tu</strong></span> <span class='ocrx_word' id='word_1_35' title='bbox 770 983 876 1058; x_wconf 88' lang='lat' dir='ltr'><strong>perdis,</strong></span> <span class='ocrx_word' id='word_1_36' title='bbox 892 983 971 1042; x_wconf 85' lang='lat' dir='ltr'><strong>Iiile!</strong></span> 
     </span>
     <span class='ocr_line' id='line_1_7' title="bbox 232 1058 873 1138; baseline 0.002 -20"><span class='ocrx_word' id='word_1_37' title='bbox 232 1061 305 1120; x_wconf 72' lang='lat' dir='ltr'><strong>Haec</strong></span> <span class='ocrx_word' id='word_1_38' title='bbox 319 1061 369 1120; x_wconf 93' lang='lat' dir='ltr'><strong>ubi</strong></span> <span class='ocrx_word' id='word_1_39' title='bbox 383 1059 508 1134; x_wconf 85' lang='lat' dir='ltr'><strong>deflevit,</strong></span> <span class='ocrx_word' id='word_1_40' title='bbox 522 1059 583 1118; x_wconf 91' lang='lat' dir='ltr'><strong>tolli</strong></span> <span class='ocrx_word' id='word_1_41' title='bbox 596 1058 757 1118; x_wconf 77' lang='lat' dir='ltr'><strong>miserabile</strong></span> <span class='ocrx_word' id='word_1_42' title='bbox 771 1077 873 1138; x_wconf 87' lang='lat' dir='ltr'><strong>eorpus</strong></span> 
     </span>
     <span class='ocr_line' id='line_1_8' title="bbox 194 1136 822 1216; baseline -0.002 -18"><span class='ocrx_word' id='word_1_43' title='bbox 194 1139 238 1198; x_wconf 88' lang='lat' dir='ltr'><strong>Im</strong></span> <span class='ocrx_word' id='word_1_44' title='bbox 260 1151 328 1216; x_wconf 90' lang='lat' dir='ltr'><strong>erat,</strong></span> <span class='ocrx_word' id='word_1_45' title='bbox 343 1147 373 1198; x_wconf 93' lang='lat' dir='ltr'><strong>et</strong></span> <span class='ocrx_word' id='word_1_46' title='bbox 385 1147 443 1198; x_wconf 91' lang='lat' dir='ltr'><strong>toto</strong></span> <span class='ocrx_word' id='word_1_47' title='bbox 457 1136 545 1196; x_wconf 92' lang='lat' dir='ltr'><strong>lectos</strong></span> <span class='ocrx_word' id='word_1_48' title='bbox 559 1156 597 1196; x_wconf 89' lang='lat' dir='ltr'><strong>ex</strong></span> <span class='ocrx_word' id='word_1_49' title='bbox 610 1139 723 1213; x_wconf 89' lang='lat' dir='ltr'><strong>agmine</strong></span> <span class='ocrx_word' id='word_1_50' title='bbox 737 1139 822 1197; x_wconf 90' lang='lat' dir='ltr'><strong>mittit</strong></span> 
     </span>
     <span class='ocr_line' id='line_1_9' title="bbox 193 1159 962 1294; baseline -0.001 -17"><span class='ocrx_word' id='word_1_51' title='bbox 193 1159 277 1277; x_wconf 66' lang='lat' dir='ltr'><strong>Mille</strong></span> <span class='ocrx_word' id='word_1_52' title='bbox 291 1220 376 1293; x_wconf 88' lang='lat' dir='ltr'><strong>viros,</strong></span> <span class='ocrx_word' id='word_1_53' title='bbox 390 1216 440 1294; x_wconf 92' lang='lat' dir='ltr'><strong>qui</strong></span> <span class='ocrx_word' id='word_1_54' title='bbox 454 1235 616 1294; x_wconf 85' lang='lat' dir='ltr'><strong>supremum</strong></span> <span class='ocrx_word' id='word_1_55' title='bbox 630 1217 801 1276; x_wconf 82' lang='lat' dir='ltr'><strong>comitentur</strong></span> <span class='ocrx_word' id='word_1_56' title='bbox 814 1217 962 1294; x_wconf 88' lang='lat' dir='ltr'><strong>honorem,</strong></span> 
     </span>
     <span class='ocr_line' id='line_1_10' title="bbox 194 1294 875 1374; baseline 0 -19"><span class='ocrx_word' id='word_1_57' title='bbox 194 1296 386 1374; x_wconf 87' lang='lat' dir='ltr'><strong>Intersintque</strong></span> <span class='ocrx_word' id='word_1_58' title='bbox 398 1294 486 1374; x_wconf 88' lang='lat' dir='ltr'><strong>patris</strong></span> <span class='ocrx_word' id='word_1_59' title='bbox 499 1295 631 1372; x_wconf 88' lang='lat' dir='ltr'><strong>lacrymis</strong></span> <span class='ocrx_word' id='word_1_60' title='bbox 643 1314 649 1352; x_wconf 91' lang='lat'><strong>:</strong></span> <span class='ocrx_word' id='word_1_61' title='bbox 671 1295 771 1354; x_wconf 88' lang='lat' dir='ltr'><strong>solatia</strong></span> <span class='ocrx_word' id='word_1_62' title='bbox 783 1295 875 1355; x_wconf 80' lang='lat' dir='ltr'><strong>luctds</strong></span> 
     </span>
     <span class='ocr_line' id='line_1_11' title="bbox 193 1373 838 1452; baseline -0.003 -18"><span class='ocrx_word' id='word_1_63' title='bbox 193 1375 309 1450; x_wconf 85' lang='lat' dir='ltr'><strong>Exigua</strong></span> <span class='ocrx_word' id='word_1_64' title='bbox 322 1375 454 1450; x_wconf 91' lang='lat' dir='ltr'><strong>ingentis,</strong></span> <span class='ocrx_word' id='word_1_65' title='bbox 468 1374 571 1432; x_wconf 84' lang='lat' dir='ltr'><strong>misero</strong></span> <span class='ocrx_word' id='word_1_66' title='bbox 585 1374 636 1433; x_wconf 90' lang='lat' dir='ltr'><strong>sed</strong></span> <span class='ocrx_word' id='word_1_67' title='bbox 649 1373 744 1432; x_wconf 88' lang='lat' dir='ltr'><strong>dehita</strong></span> <span class='ocrx_word' id='word_1_68' title='bbox 758 1375 838 1452; x_wconf 86' lang='lat' dir='ltr'><strong>patri.</strong></span> 
     </span>
     <span class='ocr_line' id='line_1_12' title="bbox 193 1452 853 1530; baseline 0.002 -19"><span class='ocrx_word' id='word_1_69' title='bbox 193 1453 281 1511; x_wconf 89' lang='lat' dir='ltr'><strong>Haud</strong></span> <span class='ocrx_word' id='word_1_70' title='bbox 296 1470 398 1530; x_wconf 77' lang='lat' dir='ltr'><strong>segnes</strong></span> <span class='ocrx_word' id='word_1_71' title='bbox 412 1452 460 1511; x_wconf 90' lang='lat' dir='ltr'><strong>ulii</strong></span> <span class='ocrx_word' id='word_1_72' title='bbox 474 1460 564 1511; x_wconf 89' lang='lat' dir='ltr'><strong>crates</strong></span> <span class='ocrx_word' id='word_1_73' title='bbox 578 1460 607 1512; x_wconf 91' lang='lat' dir='ltr'><strong>et</strong></span> <span class='ocrx_word' id='word_1_74' title='bbox 621 1453 706 1511; x_wconf 90' lang='lat' dir='ltr'><strong>molle</strong></span> <span class='ocrx_word' id='word_1_75' title='bbox 719 1454 853 1512; x_wconf 84' lang='lat' dir='ltr'><strong>feretmm</strong></span> 
     </span>
     <span class='ocr_line' id='line_1_13' title="bbox 192 1531 834 1610; baseline 0.002 -21"><span class='ocrx_word' id='word_1_76' title='bbox 192 1531 327 1590; x_wconf 83' lang='lat' dir='ltr'><strong>Arbutcis</strong></span> <span class='ocrx_word' id='word_1_77' title='bbox 341 1539 443 1604; x_wconf 80' lang='lat' dir='ltr'><strong>texunt</strong></span> <span class='ocrx_word' id='word_1_78' title='bbox 455 1531 541 1609; x_wconf 81' lang='lat' dir='ltr'><strong>virgis</strong></span> <span class='ocrx_word' id='word_1_79' title='bbox 555 1539 584 1590; x_wconf 88' lang='lat' dir='ltr'><strong>et</strong></span> <span class='ocrx_word' id='word_1_80' title='bbox 596 1531 703 1591; x_wconf 89' lang='lat' dir='ltr'><strong>vimine</strong></span> <span class='ocrx_word' id='word_1_81' title='bbox 717 1551 834 1610; x_wconf 87' lang='lat' dir='ltr'><strong>querno,</strong></span> 
     </span>
     <span class='ocr_line' id='line_1_14' title="bbox 193 1610 942 1690; baseline 0.001 -22"><span class='ocrx_word' id='word_1_82' title='bbox 193 1611 418 1690; x_wconf 85' lang='lat' dir='ltr'><strong>Exstruetosque</strong></span> <span class='ocrx_word' id='word_1_83' title='bbox 432 1619 507 1669; x_wconf 90' lang='lat' dir='ltr'><strong>toros</strong></span> <span class='ocrx_word' id='word_1_84' title='bbox 521 1611 638 1670; x_wconf 90' lang='lat' dir='ltr'><strong>obtentu</strong></span> <span class='ocrx_word' id='word_1_85' title='bbox 651 1610 757 1670; x_wconf 82' lang='lat' dir='ltr'><strong>frondis</strong></span> <span class='ocrx_word' id='word_1_86' title='bbox 770 1611 942 1671; x_wconf 86' lang='lat' dir='ltr'><strong>inumbrant.</strong></span> 
     </span>
     <span class='ocr_line' id='line_1_15' title="bbox 193 1687 1098 1767; baseline 0.001 -21"><span class='ocrx_word' id='word_1_87' title='bbox 193 1687 253 1748; x_wconf 88' lang='lat' dir='ltr'><strong>Hic</strong></span> <span class='ocrx_word' id='word_1_88' title='bbox 269 1693 401 1750; x_wconf 85' lang='lat' dir='ltr'><strong>‘uvenem</strong></span> <span class='ocrx_word' id='word_1_89' title='bbox 415 1689 517 1766; x_wconf 86' lang='lat' dir='ltr'><strong>agresti</strong></span> <span class='ocrx_word' id='word_1_90' title='bbox 531 1690 686 1748; x_wconf 58' lang='lat' dir='ltr'><strong>sublimem&gt;</strong></span> <span class='ocrx_word' id='word_1_91' title='bbox 696 1691 829 1748; x_wconf 78' lang='lat' dir='ltr'><strong>stramine</strong></span> <span class='ocrx_word' id='word_1_92' title='bbox 842 1697 972 1767; x_wconf 79' lang='lat' dir='ltr'><strong>ponuntt</strong></span> <span class='ocrx_word' id='word_1_93' title='bbox 1094 1705 1098 1717; x_wconf 66' lang='lat'>⁸</span> 
     </span>
     <span class='ocr_line' id='line_1_16' title="bbox 194 1767 877 1846; baseline -0.001 -19"><span class='ocrx_word' id='word_1_94' title='bbox 194 1767 241 1840; x_wconf 82' lang='lat' dir='ltr'><strong>Qu</strong></span> <span class='ocrx_word' id='word_1_95' title='bbox 271 1789 317 1829; x_wconf 93' lang='lat' dir='ltr'><strong>em</strong></span> <span class='ocrx_word' id='word_1_96' title='bbox 331 1769 459 1846; x_wconf 87' lang='lat' dir='ltr'><strong>virgineo</strong></span> <span class='ocrx_word' id='word_1_97' title='bbox 473 1769 636 1826; x_wconf 81' lang='lat' dir='ltr'><strong>demessam</strong></span> <span class='ocrx_word' id='word_1_98' title='bbox 649 1768 755 1844; x_wconf 87' lang='lat' dir='ltr'><strong>pollice</strong></span> <span class='ocrx_word' id='word_1_99' title='bbox 768 1769 877 1844; x_wconf 87' lang='lat' dir='ltr'><strong>florem,</strong></span> 
     </span>
     <span class='ocr_line' id='line_1_17' title="bbox 194 1847 877 1924; baseline -0.004 -17"><span class='ocrx_word' id='word_1_100' title='bbox 194 1848 251 1908; x_wconf 85' lang='lat' dir='ltr'><strong>Seu</strong></span> <span class='ocrx_word' id='word_1_101' title='bbox 267 1849 360 1907; x_wconf 93' lang='lat' dir='ltr'><strong>mollis</strong></span> <span class='ocrx_word' id='word_1_102' title='bbox 373 1847 466 1924; x_wconf 76' lang='lat' dir='ltr'><strong>violae,</strong></span> <span class='ocrx_word' id='word_1_103' title='bbox 481 1865 531 1904; x_wconf 88' lang='lat' dir='ltr'><strong>seu</strong></span> <span class='ocrx_word' id='word_1_104' title='bbox 545 1847 707 1923; x_wconf 81' lang='lat' dir='ltr'><strong>languentis</strong></span> <span class='ocrx_word' id='word_1_105' title='bbox 721 1847 877 1924; x_wconf 78' lang='lat' dir='ltr'><strong>hyacinthi,</strong></span> 
     </span>
     <span class='ocr_line' id='line_1_18' title="bbox 193 1923 1044 2006; baseline -0.002 -20"><span class='ocrx_word' id='word_1_106' title='bbox 193 1927 249 1986; x_wconf 85' lang='lat' dir='ltr'><strong>Cui</strong></span> <span class='ocrx_word' id='word_1_107' title='bbox 262 1947 355 2006; x_wconf 91' lang='lat' dir='ltr'><strong>neque</strong></span> <span class='ocrx_word' id='word_1_108' title='bbox 368 1923 577 2004; x_wconf 82' lang='lat' dir='ltr'><strong>fulgor-adhuc,¹</strong></span> <span class='ocrx_word' id='word_1_109' title='bbox 591 1943 645 1984; x_wconf 90' lang='lat' dir='ltr'><strong>nec</strong></span> <span class='ocrx_word' id='word_1_110' title='bbox 660 1926 727 1983; x_wconf 89' lang='lat' dir='ltr'><strong>dum</strong></span> <span class='ocrx_word' id='word_1_111' title='bbox 741 1945 793 1984; x_wconf 85' lang='lat' dir='ltr'><strong>sua</strong></span> <span class='ocrx_word' id='word_1_112' title='bbox 805 1925 895 1984; x_wconf 88' lang='lat' dir='ltr'><strong>forms</strong></span> <span class='ocrx_word' id='word_1_113' title='bbox 908 1927 1044 2001; x_wconf 81' lang='lat' dir='ltr'><strong>recessit3</strong></span> 
     </span>
     <span class='ocr_line' id='line_1_19' title="bbox 193 2004 915 2086; baseline -0.004 -20"><span class='ocrx_word' id='word_1_114' title='bbox 193 2006 224 2066; x_wconf 92' lang='lat' dir='ltr'>N</span> <span class='ocrx_word' id='word_1_115' title='bbox 225 2025 262 2064; x_wconf 92' lang='lat' dir='ltr'><strong>on</strong></span> <span class='ocrx_word' id='word_1_116' title='bbox 272 2008 334 2086; x_wconf 89' lang='lat' dir='ltr'><strong>jam</strong></span> <span class='ocrx_word' id='word_1_117' title='bbox 348 2013 439 2066; x_wconf 89' lang='lat' dir='ltr'><strong>mater</strong></span> <span class='ocrx_word' id='word_1_118' title='bbox 452 2004 501 2063; x_wconf 87' lang='lat' dir='ltr'><strong>alit</strong></span> <span class='ocrx_word' id='word_1_119' title='bbox 514 2005 608 2081; x_wconf 89' lang='lat' dir='ltr'><strong>tellus,</strong></span> <span class='ocrx_word' id='word_1_120' title='bbox 622 2005 754 2082; x_wconf 84' lang='lat' dir='ltr'><strong>viresque</strong></span> <span class='ocrx_word' id='word_1_121' title='bbox 767 2005 915 2064; x_wconf 87' lang='lat' dir='ltr'><strong>ministrat</strong></span> 
     </span>
     <span class='ocr_line' id='line_1_20' title="bbox 193 2085 967 2164; baseline 0 -22"><span class='ocrx_word' id='word_1_122' title='bbox 193 2085 278 2144; x_wconf 90' lang='lat' dir='ltr'><strong>Tunc</strong></span> <span class='ocrx_word' id='word_1_123' title='bbox 291 2086 419 2164; x_wconf 88' lang='lat' dir='ltr'><strong>geminas</strong></span> <span class='ocrx_word' id='word_1_124' title='bbox 431 2093 536 2162; x_wconf 87' lang='lat' dir='ltr'><strong>vestes,</strong></span> <span class='ocrx_word' id='word_1_125' title='bbox 551 2089 675 2162; x_wconf 90' lang='lat' dir='ltr'><strong>auroque</strong></span> <span class='ocrx_word' id='word_1_126' title='bbox 689 2091 819 2162; x_wconf 85' lang='lat' dir='ltr'><strong>ostroque</strong></span> <span class='ocrx_word' id='word_1_127' title='bbox 834 2085 967 2161; x_wconf 83' lang='lat' dir='ltr'><strong>rigentes,</strong></span> 
     </span>
     <span class='ocr_line' id='line_1_21' title="bbox 192 2162 797 2241; baseline 0.002 -20"><span class='ocrx_word' id='word_1_128' title='bbox 192 2164 306 2224; x_wconf 77' lang='lat' dir='ltr'><strong>Extulit</strong></span> <span class='ocrx_word' id='word_1_129' title='bbox 318 2165 438 2240; x_wconf 85' lang='lat' dir='ltr'><strong>AEueas,</strong></span> <span class='ocrx_word' id='word_1_130' title='bbox 452 2182 523 2241; x_wconf 88' lang='lat' dir='ltr'><strong>quas</strong></span> <span class='ocrx_word' id='word_1_131' title='bbox 536 2162 578 2222; x_wconf 92' lang='lat' dir='ltr'><strong>illi</strong></span> <span class='ocrx_word' id='word_1_132' title='bbox 589 2165 656 2224; x_wconf 81' lang='lat' dir='ltr'><strong>laeta</strong></span> <span class='ocrx_word' id='word_1_133' title='bbox 668 2163 797 2222; x_wconf 87' lang='lat' dir='ltr'><strong>laborum</strong></span> 
     </span>
     <span class='ocr_line' id='line_1_22' title="bbox 193 2242 854 2320; baseline 0 -20"><span class='ocrx_word' id='word_1_134' title='bbox 193 2242 260 2320; x_wconf 91' lang='lat' dir='ltr'><strong>Ipsa</strong></span> <span class='ocrx_word' id='word_1_135' title='bbox 273 2245 332 2302; x_wconf 89' lang='lat' dir='ltr'><strong>suis</strong></span> <span class='ocrx_word' id='word_1_136' title='bbox 345 2244 488 2320; x_wconf 87' lang='lat' dir='ltr'><strong>quondam</strong></span> <span class='ocrx_word' id='word_1_137' title='bbox 502 2242 632 2302; x_wconf 89' lang='lat' dir='ltr'><strong>manibus</strong></span> <span class='ocrx_word' id='word_1_138' title='bbox 648 2244 764 2301; x_wconf 86' lang='lat' dir='ltr'><strong>Sidonia</strong></span> <span class='ocrx_word' id='word_1_139' title='bbox 777 2243 854 2302; x_wconf 89' lang='lat' dir='ltr'><strong>Dido</strong></span> 
     </span>
     <span class='ocr_line' id='line_1_23' title="bbox 192 2321 817 2397; baseline -0.002 -18"><span class='ocrx_word' id='word_1_140' title='bbox 192 2321 321 2397; x_wconf 81' lang='lat' dir='ltr'><strong>Fecerat,</strong></span> <span class='ocrx_word' id='word_1_141' title='bbox 337 2329 367 2380; x_wconf 91' lang='lat' dir='ltr'><strong>et</strong></span> <span class='ocrx_word' id='word_1_142' title='bbox 379 2321 458 2382; x_wconf 89' lang='lat' dir='ltr'><strong>tenui</strong></span> <span class='ocrx_word' id='word_1_143' title='bbox 471 2321 542 2378; x_wconf 82' lang='lat' dir='ltr'><strong>telas</strong></span> <span class='ocrx_word' id='word_1_144' title='bbox 556 2322 728 2380; x_wconf 82' lang='lat' dir='ltr'><strong>discreverat</strong></span> <span class='ocrx_word' id='word_1_145' title='bbox 742 2341 817 2380; x_wconf 55' lang='lat' dir='ltr'><strong>auro,</strong></span> 
     </span>
     <span class='ocr_line' id='line_1_24' title="bbox 192 2399 978 2477; baseline -0.003 -20"><span class='ocrx_word' id='word_1_146' title='bbox 192 2399 304 2457; x_wconf 89' lang='lat' dir='ltr'><strong>Harum</strong></span> <span class='ocrx_word' id='word_1_147' title='bbox 318 2419 404 2457; x_wconf 90' lang='lat' dir='ltr'><strong>unam</strong></span> <span class='ocrx_word' id='word_1_148' title='bbox 413 2399 516 2477; x_wconf 87' lang='lat' dir='ltr'><strong>juveni</strong></span> <span class='ocrx_word' id='word_1_149' title='bbox 529 2403 694 2476; x_wconf 90' lang='lat' dir='ltr'><strong>supremum</strong></span> <span class='ocrx_word' id='word_1_150' title='bbox 709 2409 826 2459; x_wconf 84' lang='lat' dir='ltr'><strong>moestus</strong></span> <span class='ocrx_word' id='word_1_151' title='bbox 839 2399 978 2458; x_wconf 89' lang='lat' dir='ltr'><strong>honorem</strong></span> 
     </span>
     <span class='ocr_line' id='line_1_25' title="bbox 193 2476 857 2554; baseline 0 -19"><span class='ocrx_word' id='word_1_152' title='bbox 193 2476 299 2554; x_wconf 88' lang='lat' dir='ltr'><strong>Induit,</strong></span> <span class='ocrx_word' id='word_1_153' title='bbox 313 2495 478 2554; x_wconf 86' lang='lat' dir='ltr'><strong>arsurasque</strong></span> <span class='ocrx_word' id='word_1_154' title='bbox 491 2497 587 2536; x_wconf 88' lang='lat' dir='ltr'><strong>comas</strong></span> <span class='ocrx_word' id='word_1_155' title='bbox 601 2478 720 2537; x_wconf 90' lang='lat' dir='ltr'><strong>obnubit</strong></span> <span class='ocrx_word' id='word_1_156' title='bbox 732 2479 857 2537; x_wconf 88' lang='lat' dir='ltr'><strong>amictu:</strong></span> 
     </span>
     <span class='ocr_line' id='line_1_26' title="bbox 191 2555 903 2634; baseline 0 -20"><span class='ocrx_word' id='word_1_157' title='bbox 191 2555 343 2632; x_wconf 90' lang='lat' dir='ltr'><strong>Multaque</strong></span> <span class='ocrx_word' id='word_1_158' title='bbox 356 2564 494 2634; x_wconf 79' lang='lat' dir='ltr'><strong>praeterea</strong></span> <span class='ocrx_word' id='word_1_159' title='bbox 507 2557 656 2616; x_wconf 89' lang='lat' dir='ltr'><strong>Laurentis</strong></span> <span class='ocrx_word' id='word_1_160' title='bbox 669 2557 787 2633; x_wconf 77' lang='lat' dir='ltr'><strong>premia</strong></span> <span class='ocrx_word' id='word_1_161' title='bbox 798 2575 903 2634; x_wconf 81' lang='lat' dir='ltr'><strong>pugnae</strong></span> 
     </span>
     <span class='ocr_line' id='line_1_27' title="bbox 191 2634 896 2714; baseline -0.003 -20"><span class='ocrx_word' id='word_1_162' title='bbox 191 2637 325 2712; x_wconf 85' lang='lat' dir='ltr'><strong>Aggerat,</strong></span> <span class='ocrx_word' id='word_1_163' title='bbox 339 2643 369 2694; x_wconf 94' lang='lat' dir='ltr'><strong>et</strong></span> <span class='ocrx_word' id='word_1_164' title='bbox 380 2634 465 2710; x_wconf 89' lang='lat' dir='ltr'><strong>longo</strong></span> <span class='ocrx_word' id='word_1_165' title='bbox 477 2635 603 2712; x_wconf 79' lang='lat' dir='ltr'><strong>predam</strong></span> <span class='ocrx_word' id='word_1_166' title='bbox 613 2635 696 2714; x_wconf 84' lang='lat' dir='ltr'><strong>jubet</strong></span> <span class='ocrx_word' id='word_1_167' title='bbox 709 2635 807 2694; x_wconf 90' lang='lat' dir='ltr'><strong>ordine</strong></span> <span class='ocrx_word' id='word_1_168' title='bbox 821 2635 896 2694; x_wconf 87' lang='lat' dir='ltr'><strong>duci.</strong></span> 
     </span>
     <span class='ocr_line' id='line_1_28' title="bbox 191 2711 936 2792; baseline -0.003 -19"><span class='ocrx_word' id='word_1_169' title='bbox 191 2714 281 2773; x_wconf 85' lang='lat' dir='ltr'><strong>Addit</strong></span> <span class='ocrx_word' id='word_1_170' title='bbox 294 2733 382 2791; x_wconf 90' lang='lat' dir='ltr'><strong>equos</strong></span> <span class='ocrx_word' id='word_1_171' title='bbox 396 2722 425 2772; x_wconf 91' lang='lat' dir='ltr'><strong>et</strong></span> <span class='ocrx_word' id='word_1_172' title='bbox 437 2711 503 2789; x_wconf 93' lang='lat' dir='ltr'><strong>tela,</strong></span> <span class='ocrx_word' id='word_1_173' title='bbox 517 2713 620 2790; x_wconf 87' lang='lat' dir='ltr'><strong>quibus</strong></span> <span class='ocrx_word' id='word_1_174' title='bbox 633 2713 802 2792; x_wconf 87' lang='lat' dir='ltr'><strong>spoliaverat</strong></span> <span class='ocrx_word' id='word_1_175' title='bbox 815 2715 936 2773; x_wconf 87' lang='lat' dir='ltr'><strong>hostem.</strong></span> 
     </span>
     <span class='ocr_line' id='line_1_29' title="bbox 193 2791 1010 2871; baseline 0 -19"><span class='ocrx_word' id='word_1_176' title='bbox 193 2793 335 2852; x_wconf 85' lang='lat' dir='ltr'><strong>Vinxerat</strong></span> <span class='ocrx_word' id='word_1_177' title='bbox 348 2801 377 2853; x_wconf 89' lang='lat' dir='ltr'><strong>ct</strong></span> <span class='ocrx_word' id='word_1_178' title='bbox 389 2801 455 2871; x_wconf 92' lang='lat' dir='ltr'><strong>post</strong></span> <span class='ocrx_word' id='word_1_179' title='bbox 467 2801 546 2871; x_wconf 85' lang='lat' dir='ltr'><strong>terga</strong></span> <span class='ocrx_word' id='word_1_180' title='bbox 559 2811 670 2870; x_wconf 89' lang='lat' dir='ltr'><strong>manus,</strong></span> <span class='ocrx_word' id='word_1_181' title='bbox 684 2812 753 2870; x_wconf 88' lang='lat' dir='ltr'><strong>quos</strong></span> <span class='ocrx_word' id='word_1_182' title='bbox 767 2795 891 2853; x_wconf 87' lang='lat' dir='ltr'><strong>mitteret</strong></span> <span class='ocrx_word' id='word_1_183' title='bbox 903 2791 1010 2852; x_wconf 87' lang='lat' dir='ltr'><strong>umbris</strong></span> 
     </span>
     <span class='ocr_line' id='line_1_30' title="bbox 193 2872 895 2955; baseline 0.001 -25"><span class='ocrx_word' id='word_1_184' title='bbox 193 2872 320 2949; x_wconf 88' lang='lat' dir='ltr'><strong>Inferias,</strong></span> <span class='ocrx_word' id='word_1_185' title='bbox 335 2892 410 2932; x_wconf 83' lang='lat' dir='ltr'><strong>creso</strong></span> <span class='ocrx_word' id='word_1_186' title='bbox 424 2891 569 2950; x_wconf 89' lang='lat' dir='ltr'><strong>sparsuros</strong></span> <span class='ocrx_word' id='word_1_187' title='bbox 583 2872 720 2948; x_wconf 87' lang='lat' dir='ltr'><strong>sauguine</strong></span> <span class='ocrx_word' id='word_1_188' title='bbox 732 2873 895 2955; x_wconf 71' lang='lat' dir='ltr'><strong>flammam:</strong></span> 
     </span>
     <span class='ocr_line' id='line_1_31' title="bbox 192 2951 847 3030; baseline 0.005 -21"><span class='ocrx_word' id='word_1_189' title='bbox 192 2952 367 3030; x_wconf 88' lang='lat' dir='ltr'><strong>ludutosque</strong></span> <span class='ocrx_word' id='word_1_190' title='bbox 391 2953 460 3011; x_wconf 90' lang='lat' dir='ltr'><strong>ubet</strong></span> <span class='ocrx_word' id='word_1_191' title='bbox 472 2960 585 3011; x_wconf 87' lang='lat' dir='ltr'><strong>truncos</strong></span> <span class='ocrx_word' id='word_1_192' title='bbox 599 2951 748 3011; x_wconf 89' lang='lat' dir='ltr'><strong>hostilibus</strong></span> <span class='ocrx_word' id='word_1_193' title='bbox 762 2954 847 3012; x_wconf 85' lang='lat' dir='ltr'><strong>armis</strong></span> 
     </span>
     <span class='ocr_line' id='line_1_32' title="bbox 192 2974 855 3108; baseline 0.002 -19"><span class='ocrx_word' id='word_1_194' title='bbox 192 3030 274 3108; x_wconf 89' lang='lat' dir='ltr'><strong>Ipsos</strong></span> <span class='ocrx_word' id='word_1_195' title='bbox 286 3032 358 3091; x_wconf 89' lang='lat' dir='ltr'><strong>ferre</strong></span> <span class='ocrx_word' id='word_1_196' title='bbox 371 2974 469 3107; x_wconf 89' lang='lat' dir='ltr'><strong>duces,</strong></span> <span class='ocrx_word' id='word_1_197' title='bbox 483 3032 654 3108; x_wconf 84' lang='lat' dir='ltr'><strong>inimicaque</strong></span> <span class='ocrx_word' id='word_1_198' title='bbox 667 3032 785 3103; x_wconf 85' lang='lat' dir='ltr'><strong>uomina</strong></span> <span class='ocrx_word' id='word_1_199' title='bbox 797 3033 855 3108; x_wconf 83' lang='lat' dir='ltr'><strong>figi.</strong></span> 
     </span>
     <span class='ocr_line' id='line_1_33' title="bbox 134 3109 801 3187; baseline 0 -19"><span class='ocrx_word' id='word_1_200' title='bbox 134 3139 135 3142; x_wconf 36' lang='lat'>¹</span> <span class='ocrx_word' id='word_1_201' title='bbox 192 3111 316 3169; x_wconf 91' lang='lat' dir='ltr'><strong>Ducitur</strong></span> <span class='ocrx_word' id='word_1_202' title='bbox 328 3109 429 3169; x_wconf 82' lang='lat' dir='ltr'><strong>infelix</strong></span> <span class='ocrx_word' id='word_1_203' title='bbox 442 3129 504 3170; x_wconf 79' lang='lat' dir='ltr'><strong>evo</strong></span> <span class='ocrx_word' id='word_1_204' title='bbox 518 3111 663 3171; x_wconf 89' lang='lat' dir='ltr'><strong>confectus</strong></span> <span class='ocrx_word' id='word_1_205' title='bbox 677 3113 801 3187; x_wconf 76' lang='lat' dir='ltr'><strong>Aeetes,</strong></span> 
     </span>
     <span class='ocr_line' id='line_1_34' title="bbox 191 3189 978 3267; baseline 0 -21"><span class='ocrx_word' id='word_1_206' title='bbox 191 3189 312 3247; x_wconf 88' lang='lat' dir='ltr'><strong>Pectora</strong></span> <span class='ocrx_word' id='word_1_207' title='bbox 325 3208 401 3247; x_wconf 90' lang='lat' dir='ltr'><strong>nuuc</strong></span> <span class='ocrx_word' id='word_1_208' title='bbox 413 3189 523 3248; x_wconf 88' lang='lat' dir='ltr'><strong>foedans</strong></span> <span class='ocrx_word' id='word_1_209' title='bbox 536 3190 649 3267; x_wconf 86' lang='lat' dir='ltr'><strong>pugnis,</strong></span> <span class='ocrx_word' id='word_1_210' title='bbox 664 3208 741 3247; x_wconf 91' lang='lat' dir='ltr'><strong>nunc</strong></span> <span class='ocrx_word' id='word_1_211' title='bbox 756 3189 898 3265; x_wconf 90' lang='lat' dir='ltr'><strong>unguibus</strong></span> <span class='ocrx_word' id='word_1_212' title='bbox 912 3207 978 3246; x_wconf 84' lang='lat' dir='ltr'><strong>ora:</strong></span> 
     </span>
     <span class='ocr_line' id='line_1_35' title="bbox 170 3267 836 3347; baseline 0 -23"><span class='ocrx_word' id='word_1_213' title='bbox 170 3329 174 3337; x_wconf 29' lang='lat'><strong><em>¹</em></strong></span> <span class='ocrx_word' id='word_1_214' title='bbox 193 3267 333 3325; x_wconf 85' lang='lat' dir='ltr'><strong>Sternitur</strong></span> <span class='ocrx_word' id='word_1_215' title='bbox 347 3275 376 3325; x_wconf 93' lang='lat' dir='ltr'><strong>et</strong></span> <span class='ocrx_word' id='word_1_216' title='bbox 387 3275 446 3326; x_wconf 89' lang='lat' dir='ltr'><strong>toto</strong></span> <span class='ocrx_word' id='word_1_217' title='bbox 458 3271 602 3347; x_wconf 79' lang='lat' dir='ltr'><strong>proJectus</strong></span> <span class='ocrx_word' id='word_1_218' title='bbox 616 3287 732 3344; x_wconf 90' lang='lat' dir='ltr'><strong>corpore</strong></span> <span class='ocrx_word' id='word_1_219' title='bbox 746 3275 836 3325; x_wconf 73' lang='lat' dir='ltr'><strong>terrae.</strong></span> 
     </span>
     <span class='ocr_line' id='line_1_36' title="bbox 192 3343 885 3422; baseline 0 -20"><span class='ocrx_word' id='word_1_220' title='bbox 192 3343 312 3402; x_wconf 89' lang='lat' dir='ltr'><strong>Ducunt</strong></span> <span class='ocrx_word' id='word_1_221' title='bbox 325 3353 354 3403; x_wconf 89' lang='lat' dir='ltr'><strong>et</strong></span> <span class='ocrx_word' id='word_1_222' title='bbox 365 3344 474 3403; x_wconf 90' lang='lat' dir='ltr'><strong>Rutulo</strong></span> <span class='ocrx_word' id='word_1_223' title='bbox 488 3346 616 3422; x_wconf 90' lang='lat' dir='ltr'><strong>perfusos</strong></span> <span class='ocrx_word' id='word_1_224' title='bbox 629 3345 765 3420; x_wconf 88' lang='lat' dir='ltr'><strong>sanguiue</strong></span> <span class='ocrx_word' id='word_1_225' title='bbox 780 3364 885 3402; x_wconf 72' lang='lat' dir='ltr'><strong>eunus.</strong></span> 
     </span>
     <span class='ocr_line' id='line_1_37' title="bbox 192 3419 926 3504; baseline 0 -24"><span class='ocrx_word' id='word_1_226' title='bbox 192 3419 263 3480; x_wconf 77' lang='lat' dir='ltr'><strong>Pdst</strong></span> <span class='ocrx_word' id='word_1_227' title='bbox 275 3422 395 3481; x_wconf 87' lang='lat' dir='ltr'><strong>bellator</strong></span> <span class='ocrx_word' id='word_1_228' title='bbox 408 3433 508 3499; x_wconf 86' lang='lat' dir='ltr'><strong>equus,</strong></span> <span class='ocrx_word' id='word_1_229' title='bbox 521 3423 621 3500; x_wconf 86' lang='lat' dir='ltr'><strong>positis</strong></span> <span class='ocrx_word' id='word_1_230' title='bbox 634 3421 801 3498; x_wconf 85' lang='lat' dir='ltr'><strong>insignibus,</strong></span> <span class='ocrx_word' id='word_1_231' title='bbox 816 3423 926 3504; x_wconf 83' lang='lat' dir='ltr'><strong>AEthop</strong></span> 
     </span>
     <span class='ocr_line' id='line_1_38' title="bbox 194 3498 1160 3578; baseline 0.001 -19"><span class='ocrx_word' id='word_1_232' title='bbox 194 3500 221 3559; x_wconf 94' lang='lat' dir='ltr'><strong>It</strong></span> <span class='ocrx_word' id='word_1_233' title='bbox 233 3498 399 3577; x_wconf 87' lang='lat' dir='ltr'><strong>lacrymans,</strong></span> <span class='ocrx_word' id='word_1_234' title='bbox 414 3502 499 3578; x_wconf 91' lang='lat' dir='ltr'><strong>guttis</strong></span> <span class='ocrx_word' id='word_1_235' title='bbox 519 3522 555 3560; x_wconf 91' lang='lat' dir='ltr'><strong>ue</strong></span> <span class='ocrx_word' id='word_1_236' title='bbox 568 3501 714 3560; x_wconf 89' lang='lat' dir='ltr'><strong>humectat</strong></span> <span class='ocrx_word' id='word_1_237' title='bbox 727 3501 880 3577; x_wconf 88' lang='lat' dir='ltr'><strong>grandibus</strong></span> <span class='ocrx_word' id='word_1_238' title='bbox 894 3519 951 3559; x_wconf 84' lang='lat' dir='ltr'><strong>ora.</strong></span> <span class='ocrx_word' id='word_1_239' title='bbox 1122 3506 1160 3560; x_wconf 81' lang='lat'><strong>90</strong></span> 
     </span>
     <span class='ocr_line' id='line_1_39' title="bbox 194 3579 1011 3657; baseline 0 -19"><span class='ocrx_word' id='word_1_240' title='bbox 194 3580 314 3638; x_wconf 85' lang='lat' dir='ltr'><strong>Hastam</strong></span> <span class='ocrx_word' id='word_1_241' title='bbox 329 3579 376 3637; x_wconf 89' lang='lat' dir='ltr'><strong>alii</strong></span> <span class='ocrx_word' id='word_1_242' title='bbox 389 3581 499 3657; x_wconf 84' lang='lat' dir='ltr'><strong>galeam</strong></span> <span class='ocrx_word' id='word_1_243' title='bbox 539 3580 663 3639; x_wconf 78' lang='lat' dir='ltr'><strong>eferunt</strong></span> <span class='ocrx_word' id='word_1_244' title='bbox 672 3600 685 3653; x_wconf 90' lang='lat'><strong>;·</strong></span> <span class='ocrx_word' id='word_1_245' title='bbox 700 3600 766 3639; x_wconf 90' lang='lat' dir='ltr'><strong>nam</strong></span> <span class='ocrx_word' id='word_1_246' title='bbox 780 3587 884 3639; x_wconf 75' lang='lat' dir='ltr'><strong>cetera</strong></span> <span class='ocrx_word' id='word_1_247' title='bbox 896 3580 1011 3639; x_wconf 90' lang='lat' dir='ltr'><strong>Turnus</strong></span> 
     </span>
     <span class='ocr_line' id='line_1_40' title="bbox 193 3658 1124 3740; baseline -0.001 -23"><span class='ocrx_word' id='word_1_248' title='bbox 193 3659 293 3718; x_wconf 90' lang='lat' dir='ltr'><strong>Victor</strong></span> <span class='ocrx_word' id='word_1_249' title='bbox 305 3658 400 3718; x_wconf 84' lang='lat' dir='ltr'><strong>habet</strong></span> <span class='ocrx_word' id='word_1_250' title='bbox 442 3660 518 3718; x_wconf 87' lang='lat' dir='ltr'><strong>Tum</strong></span> <span class='ocrx_word' id='word_1_251' title='bbox 532 3666 632 3718; x_wconf 88' lang='lat' dir='ltr'><strong>moesta</strong></span> <span class='ocrx_word' id='word_1_252' title='bbox 644 3660 770 3740; x_wconf 88' lang='lat' dir='ltr'><strong>phalanx</strong></span> <span class='ocrx_word' id='word_1_253' title='bbox 783 3659 944 3737; x_wconf 77' lang='lat' dir='ltr'><strong>Teucrique</strong></span> <span class='ocrx_word' id='word_1_254' title='bbox 958 3667 1124 3738; x_wconf 84' lang='lat' dir='ltr'><strong>sequuntur,</strong></span> 
     </span>
     <span class='ocr_line' id='line_1_41' title="bbox 194 3735 969 3816; baseline 0.003 -20"><span class='ocrx_word' id='word_1_255' title='bbox 194 3737 391 3816; x_wconf 83' lang='lat' dir='ltr'><strong>Tyrrhenique</strong></span> <span class='ocrx_word' id='word_1_256' title='bbox 405 3740 503 3813; x_wconf 88' lang='lat' dir='ltr'><strong>duces,</strong></span> <span class='ocrx_word' id='word_1_257' title='bbox 517 3747 546 3798; x_wconf 91' lang='lat' dir='ltr'><strong>et</strong></span> <span class='ocrx_word' id='word_1_258' title='bbox 558 3735 648 3798; x_wconf 87' lang='lat' dir='ltr'><strong>versis</strong></span> <span class='ocrx_word' id='word_1_259' title='bbox 661 3740 787 3798; x_wconf 82' lang='lat' dir='ltr'><strong>Arcades</strong></span> <span class='ocrx_word' id='word_1_260' title='bbox 801 3740 893 3798; x_wconf 88' lang='lat' dir='ltr'><strong>armis.</strong></span> <span class='ocrx_word' id='word_1_261' title='bbox 964 3781 969 3791; x_wconf 72' lang='grc'><strong>«</strong></span> 
     </span>
     <span class='ocr_line' id='line_1_42' title="bbox 193 3815 984 3895; baseline 0.003 -21"><span class='ocrx_word' id='word_1_262' title='bbox 193 3818 349 3893; x_wconf 89' lang='lat' dir='ltr'><strong>Postquam</strong></span> <span class='ocrx_word' id='word_1_263' title='bbox 362 3820 454 3888; x_wconf 79' lang='lat' dir='ltr'><strong>omnis</strong></span> <span class='ocrx_word' id='word_1_264' title='bbox 467 3815 552 3894; x_wconf 71' lang='lat' dir='ltr'><strong>longe</strong></span> <span class='ocrx_word' id='word_1_265' title='bbox 567 3819 703 3876; x_wconf 87' lang='lat' dir='ltr'><strong>comitum</strong></span> <span class='ocrx_word' id='word_1_266' title='bbox 717 3826 893 3895; x_wconf 87' lang='lat' dir='ltr'><strong>processerat</strong></span> <span class='ocrx_word' id='word_1_267' title='bbox 906 3819 984 3894; x_wconf 87' lang='lat' dir='ltr'><strong>ordo,</strong></span> 
     </span>
     <span class='ocr_line' id='line_1_43' title="bbox 138 3896 1160 3972; baseline 0 -19"><span class='ocrx_word' id='word_1_268' title='bbox 138 3901 140 3908; x_wconf 82' lang='grc'>’</span> <span class='ocrx_word' id='word_1_269' title='bbox 196 3896 327 3955; x_wconf 86' lang='lat' dir='ltr'><strong>Substitit</strong></span> <span class='ocrx_word' id='word_1_270' title='bbox 338 3896 457 3972; x_wconf 84' lang='lat' dir='ltr'><strong>AEneas,</strong></span> <span class='ocrx_word' id='word_1_271' title='bbox 471 3897 634 3972; x_wconf 86' lang='lat' dir='ltr'><strong>gemituque</strong></span> <span class='ocrx_word' id='word_1_272' title='bbox 649 3897 711 3954; x_wconf 82' lang='lat' dir='ltr'><strong>haec</strong></span> <span class='ocrx_word' id='word_1_273' title='bbox 725 3897 833 3954; x_wconf 89' lang='lat' dir='ltr'><strong>addidit</strong></span> <span class='ocrx_word' id='word_1_274' title='bbox 845 3897 921 3955; x_wconf 88' lang='lat' dir='ltr'><strong>alto:</strong></span> <span class='ocrx_word' id='word_1_275' title='bbox 1122 3899 1160 3953; x_wconf 86' lang='grc'><strong>95</strong></span> 
     </span>
     <span class='ocr_line' id='line_1_44' title="bbox 193 3973 941 4050; baseline -0.004 -17"><span class='ocrx_word' id='word_1_276' title='bbox 193 3973 257 4033; x_wconf 86' lang='lat' dir='ltr'><strong>Nos</strong></span> <span class='ocrx_word' id='word_1_277' title='bbox 272 3973 340 4032; x_wconf 86' lang='lat' dir='ltr'><strong>alias</strong></span> <span class='ocrx_word' id='word_1_278' title='bbox 353 3973 421 4034; x_wconf 91' lang='lat' dir='ltr'><strong>hinc</strong></span> <span class='ocrx_word' id='word_1_279' title='bbox 435 3976 469 4034; x_wconf 92' lang='lat' dir='ltr'><strong>ad</strong></span> <span class='ocrx_word' id='word_1_280' title='bbox 482 3976 620 4050; x_wconf 84' lang='lat' dir='ltr'><strong>lacrymas</strong></span> <span class='ocrx_word' id='word_1_281' title='bbox 634 3976 735 4032; x_wconf 89' lang='lat' dir='ltr'><strong>eadem</strong></span> <span class='ocrx_word' id='word_1_282' title='bbox 749 3975 862 4033; x_wconf 90' lang='lat' dir='ltr'><strong>horrida</strong></span> <span class='ocrx_word' id='word_1_283' title='bbox 872 3973 941 4032; x_wconf 93' lang='lat' dir='ltr'><strong>belli</strong></span> 
     </span>
    </p>
   </div>
   <div class='ocr_carea' id='block_1_3' title="bbox 0 0 1360 4488">
    <p class='ocr_par' dir='ltr' id='par_1_3' title="bbox 0 0 1360 4488">
     <span class='ocr_line' id='line_1_45' title="bbox 0 0 1360 4488; baseline 0 0"><span class='ocrx_word' id='word_1_284' title='bbox 0 0 1360 4488; x_wconf 95' lang='lat' dir='ltr'><strong> </strong></span> 
     </span>
    </p>
   </div>
  </div>
 </body>
</html>
