2712 4488
476 535 590 590 LIBER
608 534 670 590 XII.
1014 537 1064 592 291

97 685 253 764 Objectarc
266 686 412 744 animam?
432 677 591 744 numeroue
602 703 641 752 an
653 683 760 744 viribus
775 687 849 764 equi
1010 691 1067 748 230

95 763 167 824 Nou
182 767 304 822 sumus?
325 764 373 822 En
387 777 487 823 omues
501 772 531 822 et
543 765 635 822 Troiis
649 772 678 822 et
690 765 818 824 Arcades
831 765 951 841 hi‘sunt,

97 843 260 920 Fatilisque
273 861 383 919 manus,
396 842 507 901 infensa
521 843 635 901 Etruria
648 843 745 901 Turno
758 863 764 900 :

96 915 160 980 Vix
173 922 296 998 hostem,
311 921 411 982 alterni
424 922 449 980 si
462 921 688 998 congrediamur,
701 920 850 982 babemus.
880 939 881 944 ’
923 975 927 983 .

98 1001 153 1060 Ille
167 1001 286 1078 quidem
298 1002 335 1062 ad
354 1001 488 1078 Superos,
503 1019 624 1076 quorum
638 1019 669 1059 se
682 1001 806 1062 devovet
819 1001 883 1078 cris,

99 1080 247 1139 Succedet
258 1081 342 1156 fami,
356 1080 495 1158 vivusque
508 1098 559 1157 per
572 1099 621 1137 ora
633 1079 756 1140 feretur:
785 1091 788 1096 '
1011 1083 1068 1140 2³5

97 1159 173 1234 Nos,
188 1159 280 1236 patria
293 1159 405 1236 amissi,
420 1159 543 1218 dominis
555 1176 653 1235 perere
668 1158 798 1236 superbis

98 1237 256 1314 cogemur,
271 1236 319 1316 qui
332 1253 410 1298 nuuc
422 1237 493 1296 lenti
506 1236 689 1296 consedimus
703 1238 784 1296 arvis.

98 1317 220 1376 Talibus
233 1318 352 1376 incensa
364 1325 408 1377 est
417 1319 559 1396 juvenum
573 1316 713 1376 sententia
726 1317 808 1376 dictis

96 1394 162 1454 Jam
177 1394 269 1474 magis
283 1405 367 1474 atque
381 1393 490 1472 magis,
512 1395 654 1472 serpitque
667 1414 718 1472 per
731 1396 845 1471 agmina
857 1413 991 1456 murmur.

98 1473 160 1552 lpsi
174 1476 333 1560 laurentes
346 1475 456 1549 mutati,
470 1473 581 1550 ipsique
595 1472 708 1531 Latini:
921 1525 924 1530 .
1013 1479 1070 1532 ato

99 1553 161 1625 Qui
175 1554 230 1612 sibi
241 1556 301 1632 jam
315 1553 444 1630 requiem
458 1571 562 1629 puguae
577 1551 718 1628 rebusque
732 1551 851 1610 salutem

99 1632 271 1710 Sperabam,
285 1651 362 1690 nunc
378 1650 454 1689 arma
467 1631 578 1705 volunt,
591 1630 739 1707 foedusque
752 1639 902 1708 precantur

98 1711 253 1786 Infectam,
268 1718 298 1769 et
310 1711 399 1768 Turni
414 1717 519 1768 sortem
533 1710 702 1768 miserentur
714 1709 850 1785 iniquam.

139 1790 197 1848 His
212 1785 289 1848 aliud
302 1791 394 1848 ma'us
406 1789 528 1848 Juturna
542 1789 679 1868 adjungit,
693 1795 723 1847 el
735 1787 792 1847 alto
849 1827 851 1832 ,

99 1869 162 1928 Dat
175 1869 288 1946 signum
302 1888 345 1927 coe
358 1888 393 1942 ⁰3
414 1888 472 1945 quo
485 1888 542 1927 non
556 1868 724 1946 praesentius
737 1867 827 1926 ullum
883 1913 885 1918 .

98 1947 244 2008 Turbavit
255 1955 366 2006 mentes
380 1947 475 2022 Italas,
490 1955 672 2024 monstroque
684 1946 792 2006 fefellit.

98 2027 131 2087 N
132 2045 239 2103 amque
251 2027 350 2085 volans
363 2027 448 2085 rubri
460 2026 556 2086 fulvus
569 2026 649 2085 Joris
663 2025 721 2084 ales
734 2026 764 2084 in
779 2023 868 2084 aethra

98 2107 243 2166 Littoreas
257 2105 380 2182 agitabat
393 2124 469 2180 aves,
483 2104 652 2182 turbamque
666 2111 815 2174 sonantem
893 2117 896 2124 ·

98 2184 234 2262 Agminis
248 2183 365 2260 aligeri3
385 2181 479 2263 subitis
492 2202 581 2262 quum
594 2183 689 2262 lapsus
704 2182 843 2242 aduodes
956 2255 958 2260 Ι

99 2265 236 2341 Cycnum
251 2263 440 2322 excellentem
454 2262 576 2341 pedibus
589 2263 663 2341 rapit
674 2262 714 2321 im
736 2262 820 2322 robue
835 2261 923 2322 uncis.
1008 2295 1011 2302 ⁴

97 2339 246 2406 Arrexdre
260 2342 370 2402 animos
385 2342 450 2402 ltuli
460 2361 468 2416 ;
477 2412 480 2418 1
489 2350 660 2420 cuncteque
672 2283 802 2402 volircres

100 2423 282 2481 convertunt
295 2421 418 2481 clamore
430 2421 527 2498 fugam
545 2421 689 2500 (mirabile
702 2421 781 2500 visu)
890 2423 892 2428 ’

98 2500 282 2579 AEtheraque
295 2500 446 2560 obscurent
457 2503 569 2579 pennis,
582 2501 753 2578 hostemque
765 2519 818 2595 per
830 2519 911 2560 auras

99 2579 194 2638 Facta
207 2579 283 2646 nube
317 2587 448 2655 remunt;
469 2580 562 2640 donec
575 2581 605 2639 vi
618 2581 711 2640 victus
724 2588 755 2639 et
766 2600 828 2658 ipso

100 2657 236 2716 Pondere
250 2599 364 2734 delebit,
377 2659 560 2737 predamque
574 2677 611 2717 ex
624 2659 772 2736 unguibus
780 2660 839 2719 ales

99 2737 230 2816 Projecit
242 2734 340 2811 fluvio,
352 2734 526 2814 penitusque
539 2738 569 2795 in
583 2737 682 2796 nubila
694 2738 775 2814 fugit.

100 2815 181 2874 Tum
194 2811 262 2873 verb
277 2815 425 2890 auguriruu
438 2815 540 2874 Rutuli
553 2814 677 2874 clamore
693 2816 824 2890 salutent,

1 2906 2 2928 ¹
98 2893 330 2970 Expediuntque
344 2911 463 2966 menus3
483 2894 649 2970 primusque
662 2894 833 2952 Tolumnius
846 2911 944 2970 augur,
1026 2907 1029 2914 ·

101 2973 172 3031 Hoc
184 2981 253 3048 erat,
268 2971 323 3029 hoc
336 2971 419 3046 uotis,
433 2971 534 3048 inquit,
548 2973 624 3049 quod
638 2969 714 3049 saepd
728 2972 819 3049 petivi
833 2991 840 3028 :
861 3017 864 3026 .

102 3050 234 3127 Accipio,
249 3067 428 3130 agnoscoque
442 3050 520 3108 deos.
562 3051 624 3126 Me,
638 3069 685 3108 me
699 3050 783 3126 duce,
797 3051 902 3109 ferrum

103 3129 256 3207 Corripite,
271 3149 288 3188 o
302 3128 407 3205 miseri,
422 3148 493 3208 quos
506 3128 653 3210 improbus
667 3129 778 3187 advena
790 3128 868 3188 bello

103 3209 229 3268 Territat
241 3207 379 3267 invalidas
393 3215 426 3266 ut
437 3226 523 3282 aves3
546 3215 575 3267 et
587 3207 680 3266 littora
692 3215 785 3267 vestra
801 3235 804 3240 *
817 3267 819 3271 ,

103 3287 146 3346 Vi
196 3288 293 3366 pulat:
314 3295 393 3366 petet
405 3286 453 3346 ille
467 3287 572 3364 fugam,
586 3284 757 3365 penitirsque
771 3285 910 3365 profundo

103 3366 153 3425 Ve
165 3386 181 3425 a
194 3367 288 3427 dabit:
310 3386 360 3426 vos
374 3367 502 3425 unanimi
516 3369 634 3426 deusate
647 3377 783 3442 catervas,

105 3445 147 3503 Et
159 3464 256 3522 regem
269 3445 350 3505 vobis
363 3445 459 3523 pugne
473 3446 616 3506 defendite
630 3455 750 3526 raptum.

105 3522 198 3600 Dixit,
212 3533 242 3583 et
255 3525 386 3584 adversos
399 3525 489 3584 telum
503 3526 638 3585 contorsit
651 3526 680 3584 iu
694 3526 791 3584 hostes

105 3602 297 3677 Procurrens;
318 3604 442 3680 sonitum
455 3605 504 3662 dat
514 3605 631 3663 stridula
643 3624 755 3680 cornus,
770 3611 799 3663 et
812 3621 894 3662 auras

107 3681 195 3740 Certa
207 3689 302 3740 secat:
324 3681 407 3740 simul
420 3682 485 3758 hoc,
500 3683 584 3741 simul
599 3684 700 3760 iugens
713 3683 829 3759 clamor,
844 3692 985 3744 etomnes

106 3759 226 3820 Turbati
240 3759 333 3836 cunei,
347 3760 539 3836 calefactaque
553 3759 639 3820 corda
651 3763 785 3822 tumultu.
908 3820 911 3828 ,

106 3841 199 3899 Hasta
212 3837 320 3914 voleus,
334 3839 367 3897 'ut
378 3837 449 3897 forte
463 3858 567 3898 novem
581 3840 774 3915 pulcherrima
786 3841 903 3900 fratrum
1016 3840 1074 3896 270

107 3920 236 3996 Corpora
250 3918 434 3976 constiterant
446 3915 553 3995 contri,
568 3938 638 3994 quos
652 3920 707 3977 lida
722 3921 831 3978 crearat

106 3998 176 4058 Una
188 4005 230 4056 tot
242 3997 365 4056 Arcadio
380 3998 485 4074 conjux
499 3997 649 4073 Tyrrhena
662 3997 808 4074 Gylippo;
1036 4067 1039 4074 Ι

107 4077 221 4135 Horum
233 4095 323 4136 unum
336 4076 371 4136 ud
385 4076 521 4154 medium,
536 4077 634 4134 teritur
647 4077 703 4153 qud
718 4076 807 4135 sutilis
822 4075 885 4134 alro
945 4119 948 4126 .

1352 260 1356 307 4-
1312 51 1356 209 aaiat-4

1340 518 1351 623 -ψ,..,υ
1339 414 1348 497 »12⁰
1342 360 1345 365 ⁴
1341 318 1344 327 ⁴
