3076 4514
613 373 727 430 mnan
746 374 781 429 11.
809 337 812 344 ⁴
1139 351 1194 434 ruo

225 521 431 584 Cum'stabulis
444 523 674 583 armentatrabit.
716 521 787 581 Vidi
799 522 861 600 ipse
874 523 1014 586 furentem
1063 573 1070 588 .
1225 573 1227 580 .

225 603 315 663 Caede
329 602 563 680 Neoptolemum,
576 603 762 679 geminosque
775 601 804 659 in
819 602 917 662 limine
931 605 1063 664 Atridas:
1120 611 1188 665 500

225 681 295 741 Vidi
308 680 469 757 Hecubam,
483 691 653 760 centumque
666 699 764 755 nurus,
778 679 980 760 Priamumque
992 703 1045 762 per
1058 703 1122 744 aras

226 760 372 836 Sanguine
384 759 547 835 soedantem,
561 780 631 837 quos
644 761 706 837 ipse
720 769 886 836 sacraverat,
900 763 990 840 ignes.

109 839 110 848 ’
226 837 441 915 Quinquaginta
454 839 496 897 illi
508 838 635 914 thalami,
649 857 714 916 apes
728 845 805 898 tanta
818 849 964 932 nepotum,

225 917 377 976 Barbarico
390 927 486 994 postes
499 937 566 977 auro
580 917 734 996 spoliisque
747 917 863 994 superba

225 994 426 1055 Procubudre:
447 1004 546 1056 tenent
558 996 653 1054 Danai
665 996 722 1072 qui
736 996 834 1055 delicit
846 996 929 1074 ignis.
1132 1003 1190 1058 505

179 1132 184 1142 ,
264 1075 394 1134 Forsitan
407 1083 437 1135 et
449 1075 555 1134 Priami
567 1075 672 1135 suerint
685 1093 749 1152 quac
763 1074 821 1133 fata
834 1077 969 1154 requiras.

225 1153 312 1215 Urbis
325 1151 371 1214 uti
380 1163 470 1233 capte
484 1174 590 1230 casum,
605 1153 799 1231 convulsaque
812 1154 884 1214 vidit

225 1233 339 1292 Limina
350 1241 499 1309 tectorum,
513 1243 542 1292 et
555 1233 681 1291 medium
694 1234 724 1290 in
737 1234 930 1310 penetralibus
944 1236 1067 1313 bostem,

224 1314 313 1371 Arma
326 1312 375 1370 diu
388 1314 482 1371 senior
495 1312 613 1370 desueta
625 1309 811 1369 trementibus
825 1331 887 1372 aevo

225 1390 390 1450 circumdat
403 1390 595 1467 nequidquam
608 1388 743 1462 humeris,
757 1397 787 1446 ct
799 1389 900 1448 inutile
912 1391 1016 1452 serrum
1132 1398 1190 1452 510

224 1470 367 1546 Cingitur,
381 1487 413 1526 ac
427 1469 530 1527 densos
543 1467 631 1526 sertim
643 1467 794 1528 moriturus
808 1465 836 1524 in
851 1467 956 1528 hostes.

265 1547 389 1606 AEdibus
401 1547 432 1605 in
446 1547 557 1621 mediis,
571 1545 704 1624 nudoque
718 1544 771 1605 sub
784 1546 896 1604 oethcris
907 1567 971 1625 axe,

226 1626 331 1702 Ingens
345 1644 392 1684 ara
403 1625 475 1700 suit3
492 1622 632 1703 juxtaque
645 1625 796 1684 veterrima
808 1625 902 1684 laurus

225 1705 400 1764 Incumbena
410 1724 474 1781 arae,
489 1714 572 1782 atque
586 1704 686 1762 umbrat
699 1703 850 1782 complexa
862 1704 1004 1765 Penates:

225 1783 284 1842 Hic
298 1783 422 1842 Hecuba
434 1793 463 1843 et
477 1793 549 1842 natae
560 1784 751 1861 nequidquam
765 1783 863 1842 altaria
875 1784 993 1861 circam,
1131 1791 1190 1852 515

225 1862 393 1940 Praecipites
406 1864 465 1921 atria
479 1882 532 1922 ceu
546 1871 714 1940 tempestate
727 1862 877 1939 columbe,

224 1941 395 2016 condense,
409 1952 439 2000 et
451 1941 548 2000 divum
562 1943 701 2019 amplexae
715 1941 874 2015 simulacra,
888 1942 1034 2002 sedebant.

225 2020 324 2098 Ipsum
338 2030 432 2080 autem
446 2021 565 2099 sumptis
578 2021 723 2079 Priamum
732 2020 1014 2098 juvenalibus'armis

225 2097 267 2159 Ut
279 2099 368 2159 vidit:
391 2100 463 2172 Quae
478 2119 558 2158 mens
571 2108 629 2158 tam
644 2099 713 2174 dira,
728 2099 883 2158 miserrime
896 2102 1011 2180 conjux,
1231 2171 1233 2174 Ι

225 2176 343 2256 Impulit
356 2178 401 2238 bis
413 2179 490 2256 cingi
503 2180 587 2238 telis?
608 2187 657 2238 aut
669 2175 725 2256 quo
738 2179 819 2237 ruis?
839 2179 940 2257 inquit.
1132 2185 1189 2240 510

226 2255 293 2316 Non
307 2258 356 2316 tali
370 2257 475 2317 auxilio
488 2277 541 2317 nec
556 2257 751 2317 defensoribus
764 2258 825 2317 istis

225 2333 354 2414 Tempus
368 2348 451 2414 oget;
472 2356 540 2413 non,
555 2336 580 2396 si
592 2338 655 2474 ipap
668 2356 750 2396 meus
762 2356 839 2396 nunc
851 2335 952 2397 afforet
966 2336 1082 2398 Hector.

226 2415 293 2474 Huc
306 2414 421 2475 tandem
436 2418 580 2476 concede:
623 2435 664 2474 aec
679 2436 726 2475 ara
738 2417 863 2475 tuebitur
872 2436 982 2494 omnes,

225 2495 284 2553 Aut
297 2493 416 2553 moriere
430 2496 523 2556 simul.
565 2496 614 2554 Sic
627 2511 675 2554 ore
689 2495 783 2569 effata,
798 2495 907 2572 recepit
1163 2541 1168 2553 .

225 2574 272 2632 nd
286 2592 359 2649 sese,
373 2583 402 2633 et
414 2575 494 2633 saera
507 2575 668 2651 longevum
682 2575 711 2632 in
725 2577 794 2634 sade
807 2574 921 2633 locavit.
1131 2579 1189 2634 525

266 2652 344 2710 Ecce
358 2661 461 2729 autem,
477 2653 594 2729 clapsus
602 2653 705 2730 Pyrrhi
719 2655 755 2712 de
771 2655 861 2728 caede,
877 2652 996 2729 Polites,

226 2729 310 2790 Unus
323 2738 451 2789 natorum
465 2731 580 2803 Priami,
593 2751 645 2808 per
657 2730 723 2805 tela,
737 2750 791 2809 per
802 2732 908 2805 hostes,

225 2808 384 2867 Porticibus
397 2808 489 2884 longis
502 2808 582 2884 sugit,
596 2817 625 2867 et
637 2827 727 2868 vacua
739 2809 809 2868 atria
821 2808 920 2867 lustrat

227 2888 366 2946 Saucius:
387 2887 467 2946 illum
482 2887 583 2945 ardens
596 2886 698 2945 infesto
708 2887 829 2945 vulnere
843 2885 970 2964 Pyrrhus

227 2966 397 3044 Insequitur,
408 2969 468 3046 jam
478 2968 596 3045 jamque
610 2985 694 3024 mauu
708 2973 795 3042 tenet,
809 2974 839 3024 et
851 2965 957 3044 premit
968 2963 1059 3026 hasta
1131 2969 1189 3024 530

226 3045 269 3106 111
282 3047 396 3106 tandem
410 3054 474 3104 ante
489 3045 585 3103 oculos
599 3045 688 3104 evasit
701 3053 730 3103 et
743 3063 792 3103 ora
804 3043 962 3122 parantium,
1157 3052 1159 3060 '

108 3130 109 3134 ’
227 3125 369 3202 Concidit,
384 3144 416 3184 ac
430 3124 518 3184 multo
531 3124 618 3183 vitam
632 3143 696 3183 cum
710 3125 847 3200 sauguine
860 3123 941 3182 ludit.

230 3203 285 3263 Hic
299 3204 438 3278 Priamus,
451 3222 612 3281 quanquam
625 3202 654 3261 in
669 3203 763 3262 mediat
771 3205 832 3282 jam
847 3211 936 3262 morte
949 3209 1073 3282 tenetur,

227 3281 258 3341 N
259 3303 296 3340 ou
309 3292 404 3342 tamen
418 3283 562 3358 abstinuit,
575 3302 630 3341 nec
644 3283 708 3342 voci
722 3283 828 3360 iraequc
840 3281 986 3360 pepercit:
1191 3321 1194 3334 .

228 3362 267 3419 At
280 3361 331 3420 tibi
344 3383 394 3440 pro
408 3363 524 3437 scelere,
539 3362 689 3436 exclamat,
703 3379 754 3439 pro
766 3360 870 3420 talibus
883 3360 968 3438 ausis,
1134 3363 1192 3421 555

229 3438 268 3498 Di
286 3439 393 3516 (siqua
406 3451 449 3501 ast
460 3441 534 3501 coslo
547 3442 638 3519 pietas
651 3459 715 3516 quoe
730 3448 797 3500 tana
809 3438 903 3517 curet)

229 3516 396 3578 Persolvant
407 3529 500 3597 gratas
513 3520 622 3596 dignas,
637 3526 666 3577 ct
677 3519 795 3596 prumia
806 3519 926 3579 reddant
970 3555 973 3562 ·

229 3596 343 3672 Debita,
358 3598 406 3676 qui
419 3599 478 3657 nati
491 3617 585 3656 coram
599 3616 646 3655 me
659 3615 775 3656 cernere
788 3595 878 3656 letum

229 3673 345 3753 Fecisti,
360 3685 389 3736 et
401 3677 506 3754 patrios
518 3677 630 3736 sedasti
644 3675 742 3735 sunere
755 3676 867 3735 vulnus!
1194 3721 1195 3724 ,

229 3755 269 3814 At
281 3775 337 3814 non
352 3756 409 3831 ille,
424 3763 514 3814 satum
528 3775 584 3832 quo
598 3763 627 3814 te
640 3755 777 3831 mentiris,
791 3754 921 3814 Achilles
1134 3757 1192 3814 510

231 3835 310 3894 Talis
323 3834 353 3894 in
366 3834 448 3894 boste
458 3833 512 3894 suit
524 3835 654 3908 Priam03
675 3834 727 3893 sed
736 3836 801 3913 jura
813 3833 958 3910 fidemque
