3128 4456
688 341 802 436 maan
820 375 857 432 11.
1223 383 1259 442 n

328 523 473 584 Preterea
485 543 575 602 genus
587 525 664 586 baud
676 545 776 602 unum,
790 545 844 586 nec
857 527 977 588 fortibus
989 528 1084 608 ulmis,

284 602 321 662 N
321 621 357 662 ec
370 604 458 681 salici,
472 603 596 682 lotoque,
610 624 665 664 neo
680 603 765 664 Idaeis
779 607 947 684 cyparissis:

285 681 356 742 Nec
369 684 489 761 pingues
503 701 589 741 unam
601 684 632 742 in
645 683 747 743 faciem
761 693 915 745 nascuntur
927 687 1020 764 olive,
1135 697 1143 712 ⁸
1220 694 1257 750 Sb

287 760 447 838 Orchades,
463 769 492 820 et
504 762 584 837 radii,
599 770 628 822 et
640 763 735 821 amari
747 764 848 840 pausia
860 763 967 840 bacct;

286 839 447 918 Pomaque,
462 848 491 900 et
503 842 618 901 Alcinoi
631 842 728 915 silvve3
750 859 804 900 nec
818 845 948 904 surculus
960 845 1038 904 idem

288 919 471 996 Crustumiis,
482 920 627 998 Syriisque
640 921 718 999 piris,
732 921 922 1000 gravibusque
935 923 1064 986 volemis.

330 1000 398 1059 Non
412 1001 512 1058 eadem
527 999 673 1060 arboribus
685 1001 792 1078 pendet
804 1001 949 1062 vindemia
961 1006 1073 1082 nostris,

289 1078 388 1149 Quam
403 1079 600 1156 Methymnaeo
610 1080 700 1158 carpit
712 1081 748 1139 de
760 1080 879 1158 palmite
894 1082 1023 1142 Lesbos:
1220 1087 1258 1142 9⁰

289 1157 366 1217 Sunt
377 1158 494 1218 Thasie
507 1157 589 1236 vites,
604 1168 672 1219 sunt
684 1167 714 1218 et
726 1161 903 1220 Mareotides
916 1162 1006 1238 albe3

289 1237 449 1314 Pinguibus
463 1239 510 1296 lue
524 1240 605 1298 terris
619 1238 738 1314 habiles,
752 1239 907 1300 levioribus
920 1241 995 1301 illo:

288 1317 331 1375 Et
342 1335 426 1394 passo
439 1317 544 1394 psithia
557 1317 661 1393 utilior,
676 1318 826 1394 tenuisque
839 1319 936 1396 lageos

289 1395 446 1454 Testatura
458 1395 547 1474 pedes
561 1395 638 1470 olim,
652 1397 837 1472 vincturaque
850 1397 992 1474 linguam

289 1474 454 1552 Purpureae‘,
468 1474 648 1552 preoiaeque3
670 1483 794 1550 et-quo
809 1483 838 1534 te
851 1477 976 1536 carmine
990 1477 1093 1553 dicam,
1219 1481 1258 1538 95

289 1553 443 1612 Rhaetica?
464 1571 518 1612 neo
532 1552 612 1611 cellis
624 1553 690 1611 ideo
704 1554 845 1612 contende
857 1554 996 1615 Falernis.

291 1632 364 1691 Sunt
377 1641 406 1692 et
418 1633 560 1691 Aminaeae
573 1632 647 1691 vites
661 1631 833 1692 'firmissima
844 1633 921 1710 vina,

289 1711 409 1770 Tmolus
423 1720 452 1771 et
466 1711 587 1788 assurgit
599 1675 710 1789 quibus,
725 1719 756 1770 et
767 1731 819 1771 rex
831 1712 893 1791 ipse
906 1713 1069 1788 Phanaeus:

288 1791 452 1869 Argitisque
466 1791 566 1866 minor,
581 1792 627 1850 cui
640 1810 697 1850 non
713 1790 863 1851 certaverit
874 1792 934 1851 ulla

288 1873 350 1930 Aut
361 1867 472 1929 tantum
484 1869 583 1946 fluere,
598 1877 646 1929 aut
658 1871 776 1929 totidem
791 1871 892 1932 durare
904 1891 956 1950 per
969 1891 1067 1932 annos.
1201 1875 1256 1932 100

288 1949 356 2010 Non
372 1970 424 2027 ego
438 1957 477 2025 te,
491 1948 535 2008 dis
549 1958 579 2008 et
591 1950 698 2008 mensis
711 1960 828 2028 accepta
841 1951 985 2025 secundis,

288 2029 472 2105 Transierim,
485 2029 612 2103 Rhodia,
626 2037 655 2088 et
667 2029 794 2106 tumidis,
807 2029 947 2105 homesta,
961 2030 1090 2090 racemis.
1134 2080 1140 2096 ,

289 2107 347 2166 Sed
361 2127 455 2186 neque
469 2105 556 2186 quim
570 2108 666 2168 multoe
681 2109 801 2186 species,
814 2127 869 2168 nec
882 2108 999 2168 nomina
1012 2129 1076 2188 quse
1090 2111 1155 2186 sint,

288 2187 344 2248 Est
356 2207 511 2262 numerus;
532 2189 718 2265 nequeenim
732 2207 851 2246 numero
865 2188 1069 2266 comprendere
1083 2189 1182 2250 refert:

250 2261 253 2273 '
289 2268 384 2338 Quem
399 2267 448 2345 qui
461 2268 533 2326 scire
546 2267 625 2343 velit,
640 2267 742 2345 Libyci
754 2267 825 2326 velit
837 2268 959 2346 aequoris
972 2268 1050 2327 idem
1200 2271 1256 2325 los

288 2346 407 2406 Discere
420 2343 507 2434 quim
521 2346 617 2406 multe
632 2347 757 2424 zephyro
764 2346 919 2406 turbentur
933 2365 1045 2422 areue3

288 2427 355 2503 Aut,
370 2427 419 2485 ubi
433 2419 553 2504 n'avigiis
565 2426 716 2485 violentior
729 2425 829 2484 incidit
842 2445 937 2503 cums,

288 2503 382 2565 Ndsse
397 2514 465 2584 quot
479 2506 553 2564 lonii
566 2505 683 2565 veniant
697 2505 731 2564 ad
745 2505 838 2564 littora
850 2504 964 2565 fluctus.

326 2585 391 2644 Nec
404 2584 471 2644 verb
485 2596 566 2644 terrae
580 2584 653 2644 serre
668 2601 767 2642 omnes
780 2585 876 2644 omnia
887 2593 1022 2662 possunt:

288 2664 468 2723 Fluminibus
481 2664 592 2739 salices,
606 2663 764 2740 crassisque
777 2663 930 2741 paludibus
944 2663 1011 2740 alni,

288 2742 460 2819 Nascuntur,
475 2742 586 2802 steriles
600 2742 709 2801 saxosis
723 2741 867 2802 montibus
880 2743 960 2816 orni;

288 2822 396 2880 Littora
408 2821 534 2898 myrtetis
548 2821 712 2891 laetissima3
734 2819 858 2897 denique
871 2829 983 2897 apertos

290 2900 422 2958 Bacchus
433 2908 508 2958 amat
520 2900 618 2975 colles,
634 2898 795 2976 aquilonem
809 2906 838 2957 et
850 2898 952 2974 frigora
965 2898 1032 2956 taxi.

327 2979 452 3057 Adspice
466 2986 495 3037 et
505 2978 638 3038 extremis
652 2977 792 3036 domitum
803 2975 959 3036 cultoribus
972 2975 1080 3051 orbem,

289 3059 423 3136 ansque
437 3059 535 3117 domos
549 3057 687 3132 Arabum,
700 3056 850 3134 pictosque
864 3055 1000 3114 Gelonos.

289 3139 398 3196 Divisa
412 3136 558 3196 arboribus
571 3136 686 3214 patrie:
708 3134 769 3194 sola
780 3133 864 3194 India
876 3135 989 3212 nigrum

289 3217 358 3276 Fert
371 3217 513 3291 ebenum,
535 3215 602 3275 solis
616 3223 659 3275 est
673 3214 775 3274 thurea
786 3214 867 3290 virga
881 3213 999 3273 Sabaeis.
1053 3229 1054 3236 ¹

291 3295 370 3368 Quid
383 3296 434 3355 tibi
447 3297 563 3355 odorato
577 3294 698 3354 reseram
712 3293 844 3352 sudantia
855 3292 934 3370 ligno

290 3375 488 3452 Balsamaque,
504 3382 533 3433 et
541 3373 645 3432 baccas
658 3391 772 3450 semper
784 3371 941 3431 frondentis
954 3371 1089 3432 acanthi?

291 3453 370 3525 Quid
383 3471 500 3511 nemora
512 3453 684 3529 AEthiopum
698 3451 778 3509 molli
790 3452 923 3510 canentia
934 3451 1021 3510 lma?

156 3531 157 3534 ’
212 3553 214 3556 ·
290 3531 462 3608 Velleraque
475 3538 507 3588 ut
515 3531 589 3589 loliis
603 3531 754 3607 depectant
765 3530 865 3588 tenuia
878 3531 984 3590 Seres?

290 3613 350 3671 Aut
363 3629 433 3687 quos
447 3628 554 3668 oceano
568 3609 682 3688 propior
694 3609 765 3684 gerit
779 3609 860 3666 India
873 3608 963 3683 lucos,

290 3688 424 3750 Extremi
437 3688 515 3746 sinus
529 3687 622 3761 orbis:
643 3686 694 3747 ubi
707 3690 773 3746 a'e‘ra
782 3687 896 3746 vincere
910 3707 1055 3748 summum

290 3768 408 3828 Arboris
420 3767 499 3825 baud
512 3767 579 3825 ulla
589 3768 670 3846 jactu
682 3763 801 3843 potuere
815 3767 944 3842 sagitte?

291 3850 333 3908 Et
345 3866 415 3925 gens
428 3845 478 3905 illa
490 3846 604 3922 quidem
619 3844 737 3922 sumptis
751 3863 808 3902 non
822 3845 901 3904 tarda
912 3843 1059 3923 pharetris.

292 3928 392 3988 Media
404 3926 458 3984 lert
469 3924 562 3984 tristes
576 3943 678 3983 succos
691 3923 859 4000 tardumque
872 3941 1002 4001 saporem
