3128 4456
693 387 804 446 LIBER
823 390 871 447 IV.

301 537 391 597 Tecta
404 546 478 597 serat
490 533 546 596 latai
561 537 678 614 circum,
693 540 739 598 cui
752 541 819 600 talia
831 561 926 616 curae;

301 617 369 694 Ipse
382 617 477 675 labore
491 637 605 677 manum
619 618 688 679 duro
702 628 788 694 terat;
809 621 870 699 ipse
884 622 991 680 feraces

300 696 385 772 Figat
394 695 482 754 humo
494 697 614 774 plantas,
629 705 658 756 et
671 699 775 776 amicos
788 701 884 776 irriget
896 700 1008 760 imbres.

339 777 434 851 Atque
449 776 589 852 equidem,
604 785 730 834 extremo
743 777 773 834 ni
782 781 843 857 jam
857 778 908 836 sub
922 779 979 838 fine
992 778 1117 840 laborum

301 853 377 911 Vela
389 854 507 930 traham,
522 862 550 913 et
563 855 642 915 terris
655 855 786 914 festinem
800 858 945 916 advertere
958 877 1079 939 proram,

301 932 431 992 Forsitan
445 940 473 991 et
485 933 605 1010 pingues
618 933 713 992 hortos
726 954 789 1011 quae
803 956 870 994 cura
882 937 995 996 colendi

302 1010 422 1070 Ornaret
435 1031 575 1089 canerem,
589 1013 726 1090 biferique
740 1015 843 1073 rosaria
855 1015 959 1090 Paesti;

302 1089 424 1168 Quoque
437 1092 521 1150 modo
533 1093 608 1170 potis
621 1093 776 1170 gauderent
788 1093 885 1170 intyba
898 1094 974 1172 rivis,

300 1169 341 1228 Et
352 1171 456 1228 virides
471 1170 535 1247 apio
548 1171 627 1249 ripae,
641 1180 785 1248 textusque
798 1192 850 1250 per
862 1172 979 1233 herbam
1075 1182 1077 1190 '

301 1247 449 1307 Cresceret
461 1249 491 1306 in
504 1259 632 1308 ventrem
646 1250 789 1324 cucumis;
810 1271 864 1309 nec
879 1270 941 1310 sera
953 1262 1111 1313 comantem

300 1327 477 1403 Narcissum,
492 1335 540 1386 aut
552 1328 620 1385 flexi
634 1330 784 1386 tacuissem
796 1330 892 1386 vimen
907 1332 1028 1407 acanthi,
1075 1332 1079 1344 '

300 1405 500 1482 Pallentesque
514 1405 642 1480 hederas,
657 1413 686 1462 et
700 1414 826 1464 amantes
840 1406 931 1464 littora
944 1419 1057 1484 myrtos.

339 1485 472 1560 Namque
486 1483 538 1542 sub
554 1483 676 1541 OEbaliae
691 1485 808 1541 memini
822 1503 868 1542 me
881 1486 1001 1545 turribus
1015 1488 1095 1564 arcis,

302 1561 368 1634 Qui
380 1563 460 1637 niger
473 1561 617 1620 humectat
628 1561 761 1620 flaventia
773 1563 849 1622 culta
862 1564 999 1642 Galaesus,

301 1640 453 1717 Corycium
465 1640 571 1698 vidisse
585 1659 692 1717 senem,
706 1643 753 1700 cui
765 1661 857 1719 pauca
869 1644 958 1702 relicti

299 1719 317 1778 J
319 1738 405 1796 ugera
417 1721 487 1778 ruris
501 1728 595 1794 erant;
617 1739 670 1778 uec
683 1721 781 1780 fertilis
794 1722 843 1780 illa
851 1723 993 1802 juvencis,

300 1800 365 1857 Nec
379 1798 475 1876 pecori
489 1807 647 1877 opportuna
660 1819 750 1877 seges,
764 1820 818 1859 uec
832 1803 980 1860 commoda
992 1801 1116 1861 Baccho.

300 1875 359 1936 Hic
372 1897 464 1936 rarum
478 1878 616 1937 tamenin
630 1879 722 1937 dumis
736 1879 807 1954 olus,
822 1881 940 1958 albaque
954 1879 1060 1938 circum
1203 1884 1258 1938 1³0

300 1956 383 2033 Lilia,
397 1957 590 2033 verbenasque
603 1977 745 2035 premens,
758 1977 930 2036 vescumque
942 1978 1076 2037 papaver,

299 2035 415 2112 Regum
429 2036 559 2114 aequabat
572 2055 640 2114 opes
654 2036 771 2111 animis;
793 2038 910 2116 seratque
924 2045 1068 2098 revertens

300 2115 394 2173 Nocte
409 2115 533 2192 domum,
549 2115 668 2193 dapibus
679 2134 791 2175 mensas
805 2117 939 2176 onerabat
951 2117 1093 2195 inemptis.

195 2207 198 2214 ’
299 2193 412 2251 Primus
424 2213 491 2253 rere
505 2215 606 2270 rosam,
621 2203 704 2273 atque
719 2203 851 2254 autumno
865 2215 979 2274 carpere
992 2215 1094 2274 poma3

300 2273 340 2331 Et
353 2292 439 2350 quum
454 2275 538 2333 tristis
551 2273 644 2332 hiems
658 2275 811 2333 etiamnum
825 2274 925 2352 frigore
938 2293 1008 2334 saxa

299 2351 467 2430 Rumperet,
481 2360 509 2412 et
522 2353 611 2430 glacie
625 2373 721 2412 cursus
734 2354 865 2413 fraenaret
878 2373 1020 2432 aquarum,

301 2431 354 2488 llle
368 2451 479 2492 comam
493 2433 584 2490 mollis
593 2435 655 2512 jam
668 2433 802 2492 tondebat
815 2433 969 2510 hyacinthi,

299 2510 441 2570 AEstatem
455 2512 627 2589 increpitans
641 2532 742 2590 seram,
756 2512 951 2590 zephyrosque
965 2520 1113 2573 morantes.

300 2589 378 2665 Ergo
392 2590 492 2667 apibus
504 2590 579 2648 soetis
592 2591 669 2648 idem
683 2600 766 2668 atque
781 2593 911 2650 examine
925 2592 1014 2650 multo

300 2667 413 2725 Primus
428 2669 579 2743 abundare,
594 2677 623 2726 ct
636 2671 795 2747 spumantia
808 2688 908 2746 cogere
921 2671 1025 2748 pressis

300 2745 392 2802 Mella
404 2745 494 2804 lavis:
515 2745 557 2803 illi
571 2747 648 2820 tiliae,
663 2756 745 2822 atque
759 2746 900 2804 uberrima
912 2748 1015 2824 pinus:
1094 2764 1097 2770 ·

302 2823 434 2900 Quotque
447 2825 478 2882 in
491 2823 559 2881 flore
573 2843 646 2881 noro
659 2825 752 2900 pomis
765 2843 796 2881 se
809 2824 907 2882 fertilis
921 2825 1002 2884 arbos

272 2948 274 2951 .
300 2901 443 2976 Induerat,
456 2902 575 2960 totidem
587 2909 721 2959 autumno
735 2909 842 2960 matura
854 2902 977 2961 tenebat.

301 2981 354 3039 Ille
368 2981 454 3040 etiam
468 2999 543 3039 seras
556 2979 586 3037 iu
599 2998 712 3038 versum
726 2979 832 3039 distulit
845 2980 946 3058 ulmos,
1032 3001 1034 3005 ·

301 3061 483 3137 Eduramque
496 3058 601 3138 pirum,
616 3067 645 3117 et
657 3059 754 3137 spinos
763 3061 823 3137 jam
833 3079 925 3137 pruna
937 3059 1069 3136 serentes,

299 3139 420 3217 Jamque
433 3140 638 3198 ministrantem
652 3139 797 3216 platanum
810 3139 971 3216 potantibus
984 3139 1105 3198 umbras.

301 3215 410 3277 Verium
424 3219 487 3276 haec
501 3219 562 3296 ipse
576 3219 719 3295 equidem,
733 3218 830 3296 spatiis
843 3218 976 3278 exclusus
988 3219 1101 3296 iniquis,

300 3297 452 3374 Praetereo,
467 3307 551 3376 atque
565 3298 626 3355 aliis
638 3305 704 3375 post
716 3317 762 3355 me
776 3299 958 3356 memoranda
971 3298 1106 3376 relinquo.

339 3377 370 3434 N
370 3395 426 3435 une
440 3397 501 3453 age,
515 3385 627 3435 naturas
641 3375 741 3452 apibus
754 3395 822 3453 quas
834 3376 945 3454 Jupiter
957 3378 1020 3455 ipse

300 3455 419 3514 Addidit
432 3456 599 3534 expediam:
620 3475 672 3533 pro
687 3455 742 3531 qud
756 3457 896 3531 mercede,
911 3475 1029 3515 canoros

301 3535 438 3594 Curetum
453 3535 560 3593 sonitus
574 3533 795 3610 crepitantiaque
809 3553 865 3592 aera
878 3542 993 3611 secutae,

301 3613 415 3672 Dictaeo
429 3614 494 3672 coeli
508 3632 603 3689 regem
616 3610 722 3689 pavere
735 3612 786 3669 sub
801 3621 889 3671 antro.

303 3691 377 3751 Solae
392 3711 558 3751 communes
571 3699 662 3766 natos,
676 3693 815 3750 consortia
827 3699 901 3751 tecta

301 3770 388 3832 Urbis
402 3770 516 3846 habent,
531 3771 696 3847 magnisque
710 3770 815 3846 agitant
827 3771 879 3828 sub
893 3770 1003 3846 legibus
1017 3789 1125 3849 avum3

302 3851 342 3909 Et
353 3851 473 3928 patriam
488 3848 565 3923 soloe,
580 3856 609 3906 et
622 3856 712 3906 certos
725 3847 829 3906 novere
843 3858 980 3927 penates:

301 3928 495 4007 Venturaeque
509 3927 611 3986 hiemis
625 3947 774 4004 memores,
790 3936 886 3987 aestate
899 3927 1024 3987 laborem
