2712 4488
223 512 276 569 246
621 509 799 566 AENseros

226 663 301 722 Tum
316 662 411 721 decuit
424 661 558 719 metuisse
572 661 644 719 tuis:
666 679 741 719 nunc
755 661 953 738 sera'quereiis

225 743 311 800 Haud
322 742 406 819 justis
420 741 549 816 assurgis,
565 749 594 798 et
606 739 683 798 irrita
691 740 787 822 jurgia
796 741 896 818 jactas.
1154 746 1192 800 95
1302 749 1303 778 ³

264 821 382 878 Talibus
396 820 492 878 orabat
500 819 517 876 J
520 837 595 891 uno;
617 820 768 895 cunctique
781 818 938 877 fremebant

225 896 370 958 Coelicoloe
384 917 500 956 assensu
513 897 591 954 vario
600 917 609 953 1:
631 915 685 954 ceu
698 896 814 954 flamina
826 897 919 974 prima

226 978 323 1049 Quum
338 979 476 1054 deprensa
488 975 612 1032 fremunt
625 975 712 1049 siivis,
728 985 757 1034 et
769 994 846 1033 caeca
859 976 987 1035 volutant

224 1057 381 1131 Murmura,
396 1063 528 1112 venturos
541 1055 634 1112 nautis
647 1053 796 1130 prodentia
807 1063 916 1112 ventos.

224 1136 300 1193 Tum
313 1146 392 1212 pater
405 1133 593 1208 omnipotens,
608 1151 701 1190 rerum
715 1134 761 1190 cui
775 1151 886 1191 summa
898 1140 1033 1210 potestas,
1136 1138 1191 1191 l·00

225 1215 311 1273 iniit:
333 1233 367 1271 eo
382 1213 505 1285 dicente,
520 1211 604 1268 deum
619 1212 720 1270 domus
731 1207 787 1270 tlte
799 1211 914 1285 silescit,
1302 1207 1303 1240 1

224 1294 264 1351 Et
277 1292 440 1352 tremefacta
453 1288 629 1368 soloteiius3
651 1291 714 1348 silet
728 1291 829 1348 arduus
843 1290 947 1362 aether3

224 1371 300 1428 Tum
314 1370 441 1446 Zephyri
454 1368 591 1445 posudrc3
607 1369 717 1446 ,premit
728 1369 840 1446 placida
851 1388 964 1444 aequora
975 1378 1097 1445 pontus'

263 1450 392 1526 Accipite
407 1467 474 1524 ergo
489 1447 598 1523 animis,
614 1455 698 1525 atque
711 1447 775 1506 haec
789 1467 853 1505 mea
865 1448 943 1524 figite
957 1447 1039 1506 dicta.

227 1527 464 1604 Quandoquidem
477 1527 620 1585 Ausonios
631 1527 765 1604 conjungi
779 1525 883 1584 suadere
897 1526 1016 1585 Teucris
1136 1529 1189 1584 105
1267 1551 1269 1556 ·

226 1606 312 1663 Haud
322 1607 440 1681 licitum,
455 1625 509 1664 nec
522 1614 616 1663 vestra
628 1607 705 1683 cupit
718 1606 858 1663 discordia
871 1606 975 1678 tinem
1038 1615 1040 1620 ’

226 1685 299 1756 Quae
315 1687 417 1762 cuique
431 1693 474 1744 est
485 1687 598 1744 fortuna
610 1684 706 1758 bodie,
721 1702 805 1761 quam
819 1685 937 1761 quisque
951 1693 1028 1742 secat
1041 1701 1130 1762 spem,

226 1763 298 1822 Tros
312 1763 473 1821 Rutulusne
487 1765 554 1839 suat,
569 1762 647 1820 nullo
661 1763 824 1820 discrimine
838 1763 968 1835 habebo;

225 1835 361 1900 sensatis
376 1841 477 1899 Italrim
490 1851 582 1900 castra
595 1841 742 1898 obsidione
755 1848 896 1915 tenentur,

228 1922 294 1980 Sive
309 1939 400 1978 errore
413 1920 487 1978 malo
501 1921 595 1998 Troje
608 1919 777 1996 monitisque
791 1919 928 1978 sinistris:
1135 1925 1190 1976 110

226 2001 291 2060 Nec
303 1999 427 2058 Rutulos
441 1999 527 2058 solvo.
571 1998 629 2056 Sua
641 1997 743 2074 cuique
758 2017 858 2056 exorsa
870 1999 995 2057 laborem

226 2079 436 2154 Fortunamque
450 2078 548 2146 ferent
588 2077 654 2134 Rex
667 2075 778 2154 Jupiter
791 2077 1020 2136 omnibusidem.

226 2159 298 2216 Fata
311 2159 386 2216 viam
400 2157 554 2215 invenient.
598 2155 688 2232 Stygii
701 2175 752 2233 per
764 2156 882 2214 flumina
895 2156 994 2232 fratris,

225 2237 283 2295 Per
294 2237 359 2314 pice
373 2243 509 2293 torrentes
523 2235 637 2310 atriaque
651 2237 784 2310 voragine
797 2236 881 2313 ripas,

227 2316 353 2387 Annuit;
376 2322 404 2375 et
417 2321 506 2371 totum
520 2321 589 2369 nutu
603 2314 761 2372 tremefecit
775 2313 936 2391 Olympum.

227 2393 286 2450 Hic
300 2392 364 2450 tinis
376 2391 462 2449 sandi.
505 2390 582 2448 Solio
595 2398 654 2447 tum
667 2391 778 2467 Jupiter
791 2411 876 2450 aureo

230 2471 341 2546 Surgit;
363 2469 497 2527 caelicolae
511 2468 636 2525 medium
651 2488 735 2544 quem
749 2471 784 2527 ad
797 2469 896 2528 limina
909 2470 1025 2528 ducunt.

268 2548 381 2607 interea
392 2547 495 2605 Rutuli
507 2547 593 2622 portis
608 2543 715 2603 circium
729 2548 859 2606 omnibus
873 2550 979 2607 instant

227 2625 362 2685 iterncre
376 2626 455 2683 ciede
468 2627 551 2700 viros,
566 2633 595 2683 et
608 2626 713 2682 moeuia
726 2627 839 2702 cingere
852 2627 981 2686 flammis.
1068 2679 1071 2684 .

230 2708 268 2764 At
279 2706 355 2782 legio
368 2703 528 2762 AEneadrim
541 2703 623 2763 valiis
637 2702 752 2762 obsessa
764 2713 892 2764 tenetur:

221 2785 294 2844 *Nec
308 2804 372 2862 spes
386 2783 444 2842 ulla
455 2783 537 2859 sugae.
578 2782 679 2840 Miseri
693 2784 899 2844 stantturribus
914 2785 975 2844 altis

215 2921 217 2926 ,
230 2863 440 2941 Nequidquam,
455 2870 484 2920 et
493 2863 556 2920 rari
569 2880 665 2920 muros
679 2860 793 2922 cinxere
806 2865 918 2924 coronis.

230 2943 316 3001 Asius
331 2942 509 3016 Imbrasides,
524 2941 765 3019 Hicetaoniusque
783 2942 958 3019 Tbymoetes,
1009 2997 1013 3004 .

230 3022 417 3098 Assaracique
431 3022 495 3094 duo,
511 3030 539 3079 et
552 3020 645 3078 senior
659 3038 723 3078 cum
738 3021 854 3100 Castore
869 3020 1032 3098 Thymbria

230 3101 327 3164 Prima
340 3101 423 3158 acies.
465 3097 527 3156 Hos
540 3099 666 3174 germani
682 3099 852 3176 Sarpedonis
867 3101 959 3174 ambo,

217 3179 271 3252 ·Et
284 3178 394 3245 Clarus,
406 3185 434 3236 et
446 3177 588 3252 Tbemon,
599 3177 689 3252 Lycii
702 3178 870 3238 comitantur
882 3179 918 3236 ab
932 3176 995 3236 alti.

230 3256 300 3313 Fert
313 3257 412 3330 iugens
425 3263 483 3313 toto
496 3257 635 3312 connixus
649 3273 765 3331 corpore
779 3274 888 3330 saxum,

232 3320 318 3389 Hiud
330 3343 438 3407 partem
452 3332 584 3407 exiguam
597 3332 709 3404 montis,
723 3332 891 3406 Lyrnessius
904 3336 1025 3406 Acmon,

232 3406 296 3468 Nec
311 3410 405 3484 Clytio
419 3410 543 3484 genitore
558 3410 725 3483 minor,‘nec
738 3409 821 3468 fratre
834 3411 1014 3470 Menestheo.

233 3488 274 3544 Hi
284 3487 396 3566 jaculis,
410 3485 450 3543 ilii
464 3494 570 3545 certent
583 3486 734 3544 defendere
748 3488 832 3564 saxis,

234 3565 387 3641 Molirique
399 3565 504 3640 ignem,
515 3581 660 3640 nervoque
673 3574 769 3643 aptare
782 3568 903 3643 sagittas.

233 3646 301 3722 lpse
313 3644 386 3701 inter
398 3643 514 3718 medios,
526 3643 646 3701 Veneris
655 3645 812 3722 justissima
825 3665 900 3721 cura,

235 3722 393 3786 Dardanius
407 3728 491 3798 caput
503 3740 570 3780 ecce
582 3739 652 3798 puer
663 3724 792 3783 detectus
805 3725 965 3800 honestum,

232 3802 335 3873 Qualis
349 3819 468 3878 gemma,
482 3799 575 3873 micat,
589 3800 696 3859 fulvum
709 3821 773 3876 quae
788 3804 887 3863 dividit
899 3823 1008 3878 aurum,

236 3885 293 3937 Aut
306 3879 378 3937 colio
392 3880 488 3958 decus,
503 3887 549 3936 aut
562 3879 664 3954 capiti3
685 3881 731 3937 vei
745 3882 828 3956 quale
840 3901 892 3960 per
905 3891 993 3940 artem
1134 3887 1190 3940 135

237 3957 382 4014 Inclusum
393 3957 480 4031 buxo,
495 3963 543 4013 aut
556 3955 650 4014 Oricia
663 3957 830 4034 terebintho,

235 4035 328 4093 Lucet
340 4035 426 4093 ebur:
446 4034 521 4093 susos
532 4033 629 4091 cervix
642 4033 689 4090 cui
702 4033 792 4092 lactea
805 4039 896 4095 crines
