2712 4488
413 473 415 488 .
524 431 637 488 LIBER
656 431 704 486 XI.

116 577 197 637 Fata
210 589 325 638 vocant.
369 575 453 638 Salve
467 577 604 638 eternum
618 581 698 656 mihi,
713 582 837 644 maxime
851 583 945 662 Palla,

117 657 340 736 AEternirmqne
353 659 426 716 vale.
467 659 497 716 N
499 677 533 716 ec
546 659 628 735 plura
641 655 752 736 effatus,
767 663 802 720 sd
817 663 888 722 altos

117 737 281 796 Tendebat
294 757 397 810 muros,
413 755 598 814 gressumque
612 739 640 796 in
656 747 746 802 castra
758 740 875 800 serebat.
1039 801 1041 806 ,

159 814 289 892 Jamque
304 825 427 874 oratores
441 817 557 882 aderant
570 836 608 874 ex
621 817 691 875 urbe
704 818 817 895 Latinis,
1041 821 1099 887 ‚100

117 892 224 952 Velati
239 897 324 954 ramis
338 895 419 969 oleae,
434 896 605 972 veniamque
619 905 751 972 rogantes
762 917 777 954 :⁴

118 972 264 1050 Corpora,
277 993 330 1051 per
341 991 459 1050 campos
473 972 545 1032 ferro
560 994 623 1050 quae
637 975 700 1036 lusa
709 975 853 1052 jacebant,

117 1051 283 1128 Redderet,
298 1072 330 1111 ac
344 1052 454 1112 tumulo
468 1053 573 1112 sineret
586 1054 741 1114 succedere
754 1061 854 1130 terrae5

117 1130 248 1189 Nullum
263 1150 327 1190 cnm
340 1132 423 1190 victis
437 1141 580 1190 certamen
595 1141 624 1189 et
637 1132 743 1190 retbere
756 1133 861 1208 cassis3
967 1179 969 1186 .

117 1209 262 1268 Parceret
275 1211 433 1287 hospitibus
447 1211 591 1286 quondam
605 1211 767 1288 socerisque
780 1211 896 1274 vocatis.
1043 1219 1097 1274 los

119 1287 206 1358 Quos
221 1289 313 1348 bonus
326 1291 446 1364 AEueas,
460 1287 537 1346 baud
550 1290 726 1365 aspernanda
738 1299 895 1370 precautes,

116 1366 310 1443 Prosequitur
323 1369 417 1441 venii,
433 1376 462 1424 et
474 1367 568 1426 verbis
582 1369 644 1424 haec
658 1369 775 1444 insuper
788 1370 884 1430 addit:

160 1445 307 1518 Quaenam
322 1465 373 1503 vos
387 1453 464 1505 teuto
478 1445 590 1503 fortuna
602 1446 727 1520 indigna,
742 1447 857 1524 Latini,-

118 1524 273 1602 Implicuit
285 1525 371 1597 bello,
388 1523 436 1600 qui
450 1543 502 1581 nos
515 1523 629 1600 fugiatis
643 1524 773 1583 amicos?

116 1597 231 1661 Pacem
245 1622 291 1660 me
306 1603 445 1662 exanimis
459 1611 488 1661 et
501 1602 603 1662 Martis
616 1611 691 1662 sorte
705 1605 859 1682 peremptis
898 1629 925 1672 χ
1042 1613 1096 1668 110

119 1682 239 1754 Oratis3
262 1682 393 1758 equidem
409 1690 437 1738 et
449 1682 521 1739 vivis
535 1683 693 1764 concedere
706 1683 823 1741 vellem.

116 1761 150 1819 N
152 1780 187 1819 ec
202 1761 280 1836 veni,
293 1761 358 1828 nisi
370 1759 427 1818 iata
440 1758 536 1818 locum
550 1762 704 1838 sedemque
718 1762 882 1837 dedissent3

117 1839 188 1898 Nec
202 1839 311 1897 bellum
325 1858 390 1898 oum
405 1848 489 1915 gente
502 1859 579 1916 gero.
619 1841 687 1898 Rex
700 1851 796 1900 nostra
808 1841 922 1918 reliquit

118 1919 268 1996 Hospitio,
282 1928 312 1978 et
324 1919 415 1982 Turni
428 1916 523 1994 putida
537 1938 567 1977 se
581 1920 702 1978 credidit
715 1921 808 1980 armis.

117 1994 250 2073 AEquids
261 1997 329 2055 huic
343 1998 477 2056 Turnum
490 1997 581 2056 lueret
594 2017 624 2056 se
639 2017 782 2074 opponere
795 2001 886 2061 morti.

120 2076 153 2136 Si
168 2077 276 2133 bellurn
291 2077 372 2135 finire
386 2095 483 2150 manu,
498 2077 522 2134 si
535 2077 642 2153 pellere
656 2077 783 2136 Teucros

118 2158 258 2233 Apparet,
273 2155 318 2213 his
333 2175 446 2214 mecum
461 2156 556 2214 decuit
569 2175 736 2218 concurrere
750 2157 833 2216 telis:

118 2235 222 2309 Vixet,
238 2235 285 2292 cui
298 2235 384 2294 vitam
399 2235 469 2296 deus
484 2242 534 2292 aut
546 2254 598 2292 sua
611 2235 713 2294 dextra
723 2237 856 2296 dedisset.

118 2315 151 2373 N
152 2333 210 2373 unc
224 2313 273 2389 ite,
288 2323 316 2372 et
329 2314 438 2372 miseris
452 2315 603 2392 supponite
617 2313 728 2374 civibus
742 2316 847 2392 iguem.

159 2395 282 2452 Dixerat
294 2393 403 2454 AEneas
416 2413 422 2450 :
444 2392 494 2452 olli
507 2391 678 2470 obstupuere
692 2395 827 2469 silentes;

119 2473 318 2548 conversique
333 2472 430 2536 oculos
444 2472 518 2532 iuter
531 2493 563 2531 se
576 2483 659 2549 atque
674 2494 722 2532 ora
735 2475 879 2534 tenebant.

119 2551 315 2626 Tum-senior,
330 2570 498 2628 semperque
512 2553 584 2612 odiis
598 2561 627 2610 et
640 2553 759 2611 crimine
773 2555 901 2614 Drances

120 2630 255 2690 Infensus
264 2631 366 2708 juveni
380 2631 487 2704 Turno,
503 2631 544 2690 sic
558 2651 606 2689 ore
619 2632 746 2691 vicissim

120 2709 195 2769 Orsa
207 2709 308 2767 refert:
331 2708 357 2768 0
371 2707 446 2766 fami
460 2709 570 2783 ingens,
585 2710 725 2784 ingentior
739 2711 832 2785 armis,
926 2719 927 2722 ’

118 2789 177 2846 Vir
190 2789 324 2866 Trojane,
339 2787 442 2862 quibus
456 2787 528 2844 coelo
542 2795 571 2844 te
584 2787 715 2846 laudibus
729 2790 861 2866 equem?

117 2867 135 2924 J
137 2866 279 2927 ustitiaene
292 2863 370 2942 prius
385 2867 478 2940 mirer,
492 2865 599 2924 belliue
612 2865 762 2924 laborum?

118 2947 150 3004 N
152 2966 184 3004 os
198 2943 265 3004 verb
280 2945 343 3002 baec
357 2944 478 3022 patriam
492 2942 562 3018 grati
576 2943 731 3002 reseremus
744 2944 781 3006 ad
794 2945 903 3020 urbem,

119 3026 161 3084 Et
175 3034 213 3099 te,
229 3025 253 3082 si
266 3043 323 3101 qua
337 3023 413 3082 iriam
429 3023 539 3081 dederit
552 3022 673 3098 sortuua,
689 3023 791 3080 Latino

117 3104 135 3162 J
137 3123 277 3180 ungemus
291 3102 366 3179 regi:
388 3110 493 3178 quaerat
507 3101 562 3160 sibi
575 3101 681 3161 foedera
694 3103 818 3172 Turnus.

120 3184 200 3255 Quin
215 3193 244 3242 et
257 3182 355 3240 fatales
370 3181 658 3240 murorum·attollere
672 3182 773 3256 moles,

121 3264 254 3339 Saxaque
268 3261 435 3320 subvectare
449 3260 576 3320 humeris
590 3261 724 3338 Trojano,
735 3260 855 3340 juvabit.

119 3343 240 3400 Dixerat
253 3341 331 3412 baec3
352 3358 467 3416 unoque
481 3359 581 3399 omnes
595 3341 696 3398 eadem
709 3353 758 3400 or'e
771 3339 939 3400 fremebant.

120 3421 172 3478 Bis
187 3437 270 3477 senos
283 3417 417 3496 pepigere
432 3418 512 3491 dies;
534 3432 571 3493 et,
586 3438 656 3496 pace
670 3420 825 3496 sequestri,

119 3499 177 3556 Per
190 3498 274 3556 silvas
288 3499 401 3572 Teucri,
416 3498 554 3572 mixtique
569 3496 686 3574 impune
701 3498 806 3572 Latini,

120 3573 260 3635 Erravdre
271 3576 367 3653 jugis:
387 3577 461 3634 ferro
476 3585 558 3634 sonat
570 3576 627 3634 icta
641 3577 760 3655 bipenni

120 3655 262 3715 Fraxinus
273 3674 281 3726 3
304 3663 433 3712 evertunt
446 3664 522 3713 actas
537 3655 571 3720 ad
586 3655 678 3712 sidera
691 3658 776 3732 pinus
787 3677 794 3730 3

120 3735 237 3793 Robora
250 3752 304 3790 nec
318 3733 415 3791 cuncis
430 3741 458 3790 et
472 3732 596 3792 olentem
610 3735 739 3794 scindere
753 3735 879 3810 cedrum,

120 3815 184 3874 Nec
198 3811 328 3889 plaustris
342 3820 453 3868 cessant
466 3821 579 3870 vectare
593 3814 772 3886 gementibus
786 3833 878 3872 ornos.

108 3893 112 3918 ¹
159 3893 199 3951 Et
208 3895 268 3970 jam
282 3891 356 3948 sarna
369 3889 476 3963 volans,
491 3890 561 3948 tanti
575 3893 735 3965 praenuntia
748 3891 859 3965 luctirs,

121 3973 289 4032 Evandrum
304 3967 486 4053 Evandrique
501 3971 600 4028 domos
614 3978 642 4028 et
656 3971 761 4028 muenia
774 3969 906 4047 complet,
1033 3975 1088 4030 140
