3128 4456
653 371 805 425 ECLOGA
822 369 871 424 IX.

588 600 832 676 ECLOGA
853 598 936 674 IX.

625 866 901 926 numanaucnnss.

694 997 829 1040 nucinas-

229 1165 232 1170 ·
281 1096 348 1171 Quo
362 1107 400 1176 tc,
414 1099 511 1176 Moeri,
523 1099 633 1184 pedesq?
655 1119 701 1192 an,
716 1097 772 1177 qud
786 1101 834 1160 via
847 1100 935 1179 ducit,
948 1100 979 1160 iu
992 1101 1113 1162 urbem?

706 1237 818 1278 uranus.

281 1297 307 1356 0
321 1297 440 1374 Lycida,
452 1297 513 1356 uiui
524 1297 717 1374 pervenimus,
731 1299 842 1356 advena
854 1300 943 1358 nostri

284 1376 386 1454 (Quod
399 1394 545 1452 nunquam
556 1375 641 1434 veriti
654 1375 766 1454 sumus)
784 1385 816 1434 ut
828 1395 975 1453 possessor
988 1379 1073 1454 agelli

280 1456 407 1530 Diceret,
422 1454 440 1487 ‘¹
450 1454 524 1511 Haec
537 1471 603 1512 mea
615 1461 697 1526 sunt;
718 1461 839 1529 veteres,
853 1455 981 1531 migrate,
995 1457 1121 1516 coloni.”

243 1601 245 1606 ,
279 1525 368 1592 Nunc
381 1533 459 1607 victi,
473 1533 577 1607 tristes,
591 1531 725 1608 quoniam
738 1532 795 1592 fors
809 1534 905 1592 omnia
917 1544 1020 1611 versat,
1233 1541 1252 1594 l>

281 1612 344 1669 Hos
357 1611 400 1669 illi
416 1610 507 1689 (quod
519 1630 574 1670 nec
586 1611 662 1670 bene
674 1619 766 1670 vertat
776 1613 799 1692 l)
817 1613 955 1672 mittimus
967 1615 1075 1675 hacce

296 1763 299 1767 -
698 1749 833 1790 nucinas

282 1808 367 1870 Certa
382 1811 515 1889 equidem
529 1811 683 1887 audieram,
698 1811 754 1888 qui
768 1831 799 1870 se
813 1813 972 1872 subducere
986 1813 1073 1872 colles

282 1889 435 1968 Incipiunt,
448 1890 583 1967 mollique
593 1892 696 1969 jugum
710 1891 858 1950 demittere
872 1893 956 1968 clivo,

282 1969 383 2045 Usque
397 1971 433 2028 ad
447 1989 548 2046 aquam
562 1977 592 2028 ct
604 1977 725 2045 veteres,
735 1973 796 2049 jam
810 1971 898 2030 fracta
911 1972 1069 2048 cacumina,
1082 1971 1171 2048 lagos,

283 2047 389 2108 Omnia
401 2048 575 2108 carminibus
587 2057 714 2108 vestrum
728 2050 858 2109 servisse
871 2051 1036 2111 Menalcan.
1215 2053 1251 2108 10

709 2188 821 2227 ismara.

249 2289 256 2312 ,
282 2247 439 2322 liudierus,
461 2254 491 2314 et
502 2247 579 2306 fama
591 2247 660 2307 fuit:
683 2248 735 2308 sed
748 2250 874 2308 carmina
886 2247 997 2309 antam

281 2326 388 2386 Nostra
399 2327 505 2402 valent,
520 2328 638 2404 Lycida,
652 2327 710 2386 tela
722 2327 797 2386 inter
809 2329 925 2406 Martia,
939 2327 1078 2407 quantum

283 2406 428 2464 Chaonias
442 2406 549 2481 dicunt,
565 2407 659 2484 aquili
671 2407 818 2484 veniente,
831 2409 988 2468 columbas.

284 2482 372 2556 Quod
385 2485 500 2544 nisime
514 2485 694 2564 quicumque
707 2507 796 2546 novas
809 2489 936 2547 incidere
949 2489 1014 2547 lites

282 2561 360 2622 Ante
375 2563 488 2622 sinistra
500 2564 571 2624 cavi
584 2567 742 2625 monuisset
755 2567 790 2624 ab
804 2567 872 2626 ilice
885 2569 994 2642 cornix,
1219 2569 1255 2624 lt

283 2642 348 2701 Nec
361 2650 427 2702 tuus
438 2643 487 2702 bie
500 2644 612 2720 Moeris,
625 2664 680 2704 nec
693 2645 879 2723 viveretipse
892 2647 1052 2704 Menalcas.

699 2781 834 2821 nrornsa

284 2839 368 2898 Heu!
390 2839 468 2898 cadit
476 2840 506 2898 in
519 2859 691 2918 quemquam
704 2851 812 2900 tantum
828 2843 939 2900 scelus!
959 2839 1033 2902 heu!
1058 2851 1107 2902 tua
1120 2841 1203 2901 nobis

283 2916 364 2979 Penei
379 2919 465 2978 simul
478 2928 575 2978 tecum
590 2920 689 2979 solatia
700 2929 789 2998 rapta,
804 2921 955 2978 Menalca!

285 2999 359 3070 Quis
372 3007 487 3058 caneret
499 2997 674 3076 Nymphas?
689 3000 753 3076 quis
766 2999 890 3058 humum
904 2999 1071 3074 florentibus
1085 2995 1183 3059 herbis

285 3079 445 3156 spargeret,
460 3086 509 3138 aut
521 3078 605 3136 uiridi
618 3079 711 3138 fontes
723 3080 873 3138 induceret
886 3079 1009 3138 umbri?
1071 3109 1073 3112 ·
1218 3083 1256 3138 20

283 3157 341 3216 Vel
355 3176 419 3236 quae
434 3157 546 3234 sublegi
558 3159 662 3218 tacitus
675 3159 728 3218 tibi
741 3159 869 3218 carmina
880 3177 984 3236 nuper,

285 3236 384 3308 Quum
398 3245 427 3296 te
441 3238 477 3296 ad
490 3237 607 3296 delicias
620 3238 707 3296 ferres
721 3239 900 3314 Amaryllida
911 3241 1043 3297 nostras?

285 3318 303 3350 “
313 3316 421 3392 Tityre,
436 3317 504 3374 dum
518 3317 614 3392 redeo,
625 3317 721 3375 brevis
732 3325 775 3376 est
787 3318 843 3393 via,
857 3336 944 3395 pasce
957 3317 1099 3395 capellas3

284 3395 325 3452 Et
337 3403 438 3470 potum
451 3403 549 3472 pascas
561 3413 623 3471 age,
637 3395 754 3471 Tityre3
776 3405 805 3456 et
817 3397 891 3454 inter
904 3397 1048 3473 agendum

285 3473 442 3533 Occursare
456 3493 551 3550 capro,
565 3493 654 3532 cornu
667 3473 803 3552 sentilla,
819 3476 950 3534 cavete.’'
1218 3477 1256 3532 25

714 3612 825 3654 nurus,

284 3672 379 3729 Immo
392 3671 456 3729 haec
469 3691 534 3748 quae
548 3669 636 3748 Varo,
650 3673 775 3731 necdum
788 3673 924 3751 perfecta,
940 3674 1076 3733 canebat:

285 3750 397 3826 “Vare,
411 3757 493 3808 urum
507 3769 614 3808 nomen
633 3749 764 3846 (superet
776 3749 862 3811 modd
878 3753 1000 3810 Mantua
1013 3753 1106 3828 nobis,

284 3829 407 3888 Mantua
420 3845 463 3887 vae
478 3828 590 3886 miserae
604 3831 726 3887 nimium
740 3832 834 3889 vicina
848 3831 1001 3890 Cremonae
1014 3831 1037 3910 !)

285 3905 577 4045 Cantantes3sublimd
588 3907 680 3968 serent
694 3909 729 3967 ad
743 3911 836 3968 sidera
848 3910 964 3986 cycni.”
