3076 4514
459 416 461 420 ’
547 447 660 504 ursus
679 449 729 503 rr.

157 593 285 656 lnlerar?
273 597 335 656 iet
347 615 418 675 quos
433 597 592 656 Sidonis
564 617 614 658 rur
627 598 698 658 urbe
710 598 811 658 revelli

36 713 39 718 ·
154 676 267 735 Rursus
282 695 364 752 agam
376 677 489 754 pelago,
504 686 534 736 et
545 678 639 737 ventis
653 679 720 736 dare
733 678 798 736 vela
807 677 938 757 jubebo?

147 755 239 826 'Quin
249 774 369 829 morere,
384 764 416 814 ut
428 756 528 814 merita
540 776 581 831 es,
595 757 724 849 ferroque
738 767 834 815 auerte
847 757 984 817 dolorem.

155 834 212 910 Tu,
226 835 360 912 lacrymis
373 835 466 894 evicta
478 835 559 912 meis,
573 845 604 894 tu
617 837 710 914 prima
721 835 863 894 furentem

155 914 221 988 His,
236 933 379 990 germana,
394 913 477 972 malis
490 933 601 992 oneras,
616 923 701 992 atque
715 915 815 994 objicis
828 915 913 975 hosti

155 993 224 1051 Non
238 993 321 1051 licuit
333 993 450 1052 thalami
464 1001 610 1071 expertem
624 995 686 1052 siue
700 995 818 1052 crimine
831 995 920 1062 vitam

155 1073 271 1148 Degere
284 1091 362 1131 more
372 1073 449 1148 serre,
459 1073 535 1132 tales
548 1092 602 1132 nec
616 1081 732 1165 tangere
746 1077 844 1132 curas!

155 1152 186 1210 N
187 1170 224 1208 on
238 1159 347 1210 servata
360 1152 470 1210 fides
446 1153 535 1210 cineri
549 1153 688 1230 promissa
702 1153 840 1236 Sychaeo!

155 1231 266 1292 Tantos
279 1230 329 1289 illa
341 1251 394 1290 suo
409 1231 559 1326 rumpebat
571 1240 686 1309 pectore
700 1240 827 1308 questus.

193 1310 303 1368 AEneas
317 1310 416 1368 celsa
408 1330 439 1370 ιιι
451 1311 549 1387 puppi,
560 1313 623 1389 jam
637 1318 732 1368 certus
744 1312 842 1387 eundi,

155 1388 298 1466 Carpebat
310 1408 435 1464 somnos,
449 1389 556 1447 rebus
543 1409 605 1467 Jam
619 1387 671 1447 rite
684 1389 834 1466 paratis.

155 1469 234 1528 Huic
248 1487 279 1526 se
292 1469 383 1526 forma
395 1431 442 1525 de’i
454 1467 536 1526 vultu
550 1467 694 1527 redeuntis
709 1467 811 1525 eodem

156 1546 288 1606 Obtulit
280 1566 311 1604 ιιι
325 1546 443 1620 somnis,
453 1563 608 1622 rursusque
621 1546 660 1604 ita
673 1545 735 1604 visa
748 1563 865 1604 monere
879 1556 938 1621 est3
1054 1593 1057 1600 .

155 1626 260 1684 Omnia
273 1624 421 1683 Mercurio
435 1624 544 1700 similis,
558 1643 727 1702 vocemque,
739 1624 932 1702 coloremque,

155 1705 196 1763 Et
208 1705 302 1762 crinea
320 1705 419 1780 flavos,
434 1711 464 1762 et
475 1703 604 1762 membra
614 1705 717 1765 decora
726 1704 867 1782 urenti·

156 1783 232 1843 Nate
245 1785 301 1842 deri
302 1793 406 1862 ,potes
420 1783 476 1842 hoc
491 1782 545 1842 sub
559 1803 628 1842 casu
642 1725 748 1843 decede
762 1786 897 1842 somnos?

155 1863 220 1923 Nec
233 1883 296 1942 quae
310 1872 338 1938 te
352 1863 460 1922 circum
473 1870 552 1922 stent
562 1863 667 1922 deinde
680 1862 808 1956 pericula
820 1863 935 1921 cernis?

155 1943 302 2002 Demens!
323 1961 377 2002 nec
391 1942 542 2020 Zephyros
556 1943 636 2001 audis
650 1945 756 2020 spirare
769 1943 931 2001 secundos?

135 2079 136 2082 ,
157 2022 211 2080 Illa
223 2022 305 2080 dolos
317 2023 465 2114 dirumque
479 2021 580 2092 nefas
572 2042 602 2080 ιιι
615 2031 731 2100 pectore
745 2029 847 2097 versat,

156 2101 241 2160 Certa
254 2101 336 2174 mori,
350 2102 487 2178 varioque
499 2101 604 2159 irarum
617 2101 736 2159 fluctuat
749 2108 829 2159 aestu.

96 2249 97 2252 J
155 2180 223 2240 Non
236 2181 311 2257 fugis
324 2181 393 2238 hinc
405 2199 544 2258 preceps,
559 2181 628 2238 dum
641 2179 817 2257 precipitare
831 2187 956 2258 potestas
967 2181 979 2238 i.

154 2260 218 2318 lam
231 2280 308 2318 mare
321 2259 429 2319 turbari
442 2259 579 2336 trabibus,
593 2279 740 2337 saevasque
753 2258 865 2318 videbis

155 2339 306 2398 collucere
320 2339 409 2416 lases,
418 2341 479 2418 jam
492 2339 602 2399 fervere
616 2340 710 2398 littora
722 2339 854 2415 flammis,

156 2419 188 2477 Si
201 2428 230 2478 te
243 2418 288 2478 bis
303 2419 426 2495 attigerit
438 2419 519 2478 terris
533 2421 643 2478 Aurora
656 2427 822 2478 morantem.

155 2497 212 2556 Eia
225 2518 286 2574 age,
300 2497 404 2575 rumpe
415 2517 524 2558 moras:
546 2500 655 2558 varium
670 2507 700 2557 et
712 2498 873 2558 mutabile
864 2515 976 2577 semper

155 2577 295 2636 Foemina
338 2578 385 2636 Sic
400 2577 482 2654 latus,
497 2579 575 2637 nocti
590 2597 621 2636 se
634 2578 790 2636 immiscuit
804 2585 880 2636 atre.

194 2655 270 2714 Tum
283 2653 351 2715 verb
365 2657 485 2733 AEneas,
500 2657 600 2724 subitis
614 2658 763 2716 exterritus
776 2655 901 2732 umbris,

156 2735 282 2812 Corripit
295 2754 311 2793 e
326 2753 426 2792 somno
440 2754 553 2827 corpus,
567 2736 716 2814 sociosque
730 2735 844 2810 fatigat.

156 2813 322 2890 Praecipites
335 2813 503 2888 vigilate,'
476 2814 539 2888 vrri,
554 2821 585 2871 et
597 2815 735 2872 considite
749 2812 895 2884 transtris3

158 2892 266 2952 Solvite
279 2892 344 2952 vela
356 2891 414 2950 citi.
455 2892 546 2966 Deus,
562 2891 668 2950 ethere
681 2892 785 2949 missus
799 2891 834 2948 ab
848 2890 920 2965 alto,

156 2971 306 3032 Festinare
320 2972 417 3046 lugam
431 2977 575 3047 tortosque
588 2970 715 3028 incidere
728 2970 812 3027 funes

47 3095 52 3106 .
156 3053 237 3112 Ecce
250 3051 353 3110 iterum
367 3049 501 3108 stimulat
545 3049 696 3127 Sequimur
709 3056 747 3124 te,
762 3056 859 3108 sancte
872 3047 999 3122 deorum,

121 3177 126 3192 .
158 3131 296 3208 Quisquis
310 3149 350 3205 es,
365 3128 541 3224 imperioque
555 3129 657 3188 iterum
671 3147 803 3206 paremus
817 3134 944 3185 ovantes.

101 3229 106 3240 ·
157 3211 243 3270 Adsis
257 3231 284 3285 o,
298 3209 508 3287 placidusque
495 3227 590 3287 Juves,
604 3216 634 3267 et
647 3209 739 3266 sidera
752 3206 826 3266 coelo

157 3290 267 3349 Dextra
280 3289 361 3348 seras.
403 3288 504 3346 Dixit:
526 3288 685 3365 saginisque
700 3287 785 3364 erip'it
797 3305 896 3344 ensem

32 3362 71 3424 ¹.
158 3369 352 3443 Fulmineum,
367 3368 521 3444 strictoque
532 3367 597 3426 sent
608 3367 765 3440 retrnaeula
777 3365 859 3424 ferro.
962 3370 964 3374 ’
1073 3367 1130 3423 580

159 3449 241 3506 Idem
255 3467 354 3507 omnes
369 3448 452 3505 simul
467 3447 549 3505 ardor
562 3446 665 3506 babet:
687 3447 866 3524 rapiuntque,
880 3453 1044 3522 ruuntquer
1112 3489 1114 3495 .

159 3527 268 3586 Littora
280 3524 448 3584 deseruere:
469 3525 539 3584 latet
552 3525 605 3585 sub
619 3525 757 3586 classibus
770 3543 881 3601 sequor:

159 3605 269 3664 Adnixi
281 3612 412 3681 torquent
425 3624 551 3682 spumas,
566 3612 595 3662 et
608 3605 712 3663 caerula
724 3611 848 3662 verrunt

198 3685 239 3743 Et
247 3685 309 3763 Jam
321 3684 412 3760 prima
425 3703 500 3742 novo
514 3683 663 3760 spargebat
674 3683 783 3742 lumine
797 3690 884 3740 terras

160 3763 279 3822 Tithoni
292 3780 423 3820 croceum
436 3763 586 3856 linquens
582 3762 692 3820 Aurora
706 3760 819 3820 cubile.
1073 3759 1129 3816 586

159 3842 303 3918 Reginae
317 3840 441 3918 speculis
454 3850 486 3900 ut
498 3836 622 3918 primirm
636 3840 781 3899 albescere
794 3840 888 3898 lu'cem

160 3922 251 3998 Vidit,
266 3928 296 3979 et
309 3919 426 3997 aequatis
438 3920 559 3978 classem
567 3919 727 4012 procedere
740 3918 822 3993 velis,

161 4001 325 4078 littoraque
339 4007 369 4058 et
381 4017 488 4058 vacuos
499 3998 588 4060 sensit
598 3997 663 4058 sine
677 3995 783 4073 remige
796 4001 912 4072 portus3
