2712 4488
134 559 137 566 ¹
186 485 239 541 ecs
581 486 760 542 cunnos

140 675 142 680 ,
174 635 271 696 ¹Ultro
284 636 394 695 animos
406 635 480 695 tollit
492 635 583 711 dictis,
598 645 682 714 etque
694 637 822 713 increpet
834 635 925 695 ultro:

188 715 328 794 Trojanos
341 715 405 774 brec
419 723 543 774 monstro
554 724 671 792 petnut;
686 716 731 773 bis
742 715 853 792 Jupiter
865 715 927 794 ipse

187 793 335 852 Auxilium
349 794 461 853 solitum
476 794 598 870 eripuit:
618 813 675 853 nou
689 793 812 854 teloneo
826 795 906 870 ignes

186 871 364 950 Exspectant
377 872 510 932 Rutulos.
552 873 630 948 Ergo
643 872 730 932 muris
743 872 820 931 invio
833 873 962 948 Teucris,

186 950 251 1009 Nec
265 969 329 1028 spes
343 950 401 1009 ullo
413 951 503 1027 fuga:
524 969 618 1009 rerum
630 969 694 1028 pers
708 950 795 1008 alters
807 950 939 1028 odempts
952 958 996 1010 est
1003 971 1013 1026 3

186 1028 275 1087 Terre
288 1037 382 1088 eutem
395 1029 426 1086 in
439 1029 541 1088 nostris
554 1029 702 1101 menibus3
723 1037 764 1087 tot
776 1028 864 1087 millis
877 1037 977 1105 gentes

185 1109 274 1167 Arme
283 1108 377 1166 lerunt
391 1107 478 1166 Itale.
519 1107 571 1166 Nil
584 1126 630 1166 me
643 1106 739 1165 [stelio
751 1115 865 1182 terrent,

187 1185 217 1244 si
231 1206 288 1263 quo
297 1187 426 1262 Phryges
439 1204 498 1262 prm
512 1203 543 1243 se
552 1188 661 1264 jactent
673 1203 808 1262 responso
821 1185 947 1246 deorum.

186 1264 237 1322 Set
249 1265 312 1324 fetis
326 1263 489 1340 Venerique
503 1265 599 1322 datum
612 1262 730 1340 tetigere
741 1261 819 1339 qudd
832 1283 899 1324 ervo

184 1343 299 1401 Fertilis
312 1342 448 1400 Ausonioe
463 1343 571 1400 Trois:
592 1350 659 1400 sunt
672 1351 701 1400 et
713 1361 778 1400 meo
789 1340 888 1401 contri

184 1422 257 1478 Feta
270 1421 341 1478 mibi
354 1421 426 1479 ferro
440 1421 603 1480 sceleratam
617 1421 784 1480 exscindere
797 1430 921 1498 gentem,

184 1499 315 1578 Conjuge
328 1499 475 1578 praerepti.
516 1501 581 1559 Nec
595 1499 672 1558 solos
683 1500 773 1576 tangit
784 1501 898 1560 Atrides
963 1567 968 1581 Ι

185 1577 242 1636 Iste
255 1577 343 1654 dolor,
358 1578 481 1655 solisque
495 1579 562 1637 licet
575 1597 676 1656 cepere
690 1597 767 1636 ormo
780 1579 921 1656 Mycenis.
948 1579 959 1604 ‘

185 1657 243 1714 Sed
256 1657 374 1734 periisse
387 1658 476 1716 semel
489 1655 556 1716 sotis
570 1666 621 1718 est
659 1657 785 1716 Peccere
798 1658 899 1717 linisset

183 1732 259 1794 Antd
273 1733 350 1812 sotis,
365 1733 479 1814 penitius
493 1733 577 1794 modb
592 1755 650 1794 non
664 1755 755 1810 genus
768 1755 853 1795 omne
865 1755 982 1814 perosos

183 1814 380 1872 Femineum:
402 1812 504 1892 quibus
517 1813 580 1872 hec
595 1814 682 1872 medii
694 1814 801 1873 fiducie
814 1814 889 1891 velli,
908 1881 910 1888 ¹

182 1891 390 1971 Fosssrumque
404 1911 498 1968 more,
513 1893 563 1952 leti
576 1891 739 1952 discrimine
751 1912 847 1970 parve,

183 1971 261 2029 Dent
275 1973 392 2031 animos.
433 1974 473 2030 At
485 1990 542 2030 non
555 1973 688 2030 viderunt
700 1972 804 2030 moenia
817 1971 939 2050 Trojte,·

182 2048 311 2128 Neptuni
324 2051 457 2110 febrioots
470 2070 564 2128 menn,
579 2051 725 2109 considere
738 2051 768 2108 in
781 2051 883 2126 ignes?

183 2128 240 2186 Sed
255 2148 315 2204 vos,
330 2130 437 2206 electi,
452 2130 524 2188 lerro
539 2131 588 2207 qui
602 2131 731 2188 scindere
744 2130 851 2188 vellum

181 2208 318 2284 Apparet,
333 2216 362 2266 et
374 2228 487 2267 mecum
499 2209 608 2268 invadit
622 2209 792 2286 trepidantis
803 2210 916 2268 comm?

182 2284 249 2342 Non
264 2287 347 2344 ermis
361 2287 432 2345 mibi
446 2286 578 2361 Vulconi,
593 2307 650 2345 non
665 2287 742 2345 mille
756 2288 859 2346 cerinis

182 2363 237 2421 Est
250 2383 321 2440 opus
334 2364 364 2422 in
378 2365 515 2422 Teucros.
556 2365 673 2423 Addunt
684 2385 715 2423 se
728 2373 862 2442 protenus
874 2384 974 2424 omues

181 2439 296 2500 Etrusci
309 2443 418 2516 socios3
440 2443 570 2500 tenebras
584 2451 613 2500 et
625 2444 726 2501 inertie
739 2443 811 2501 furto

184 2517 329 2596 [Palladit
344 2521 425 2598 qaesis
439 2540 559 2578 summm
573 2522 737 2579 custodibus
747 2523 845 2600 ercis]

180 2597 212 2656 N
214 2615 229 2654 c
244 2599 376 2673 timeont3
397 2618 452 2657 nec
466 2599 532 2676 equi
546 2601 625 2658 ceci
638 2601 794 2658 condentur
806 2601 836 2658 in
851 2600 932 2659 elvo:

180 2677 269 2752 Luce,
283 2673 388 2756 polim,
403 2685 511 2736 certum
525 2687 571 2737 est
581 2679 642 2756 igni
655 2679 830 2738 circumdare
843 2697 947 2737 muros.

181 2757 268 2816 Houd
282 2757 336 2816 sibi
349 2777 414 2816 cum
428 2757 537 2817 Densis
550 2777 610 2817 rem
623 2759 688 2816 sexo
703 2767 732 2817 et
743 2759 820 2836 pube
833 2756 953 2832 Pelasgi

180 2835 254 2894 Esse
266 2843 375 2914 putent,
390 2837 532 2897 decimum
544 2857 615 2916 quos
628 2837 735 2897 distulit
753 2838 861 2896 Hector
873 2835 903 2894 in
917 2852 1030 2894 annum.

179 2915 211 2974 N
211 2935 267 2974 unc
281 2913 363 2993 oded,
378 2916 479 2976 melior
490 2918 625 2996 quonism
637 2937 702 2995 pers
716 2929 778 2976 note
791 2915 856 2990 diei,

180 2995 267 3066 Quod
280 3005 417 3075 superest,
431 2997 488 3056 laeti
501 2997 575 3074 bene
589 2998 676 3073 gestis
689 3014 804 3072 corporo
817 2994 900 3072 rebus
919 2993 926 3034 J
951 3033 956 3070 ;
980 3001 1010 3076 ·''s'
1035 3001 1064 3070 ,j
1072 3039 1081 3068 ,
1103 3039 1109 3055 ,
1160 3033 1166 3051 -.

134 3122 138 3130 r
178 3073 341 3151 Procerum,
355 3076 424 3148 viri;
447 3084 475 3134 et
487 3071 845 3153 pugnom'speretepsreti.
1002 3095 1006 3105 ¹
1121 3085 1129 3096 ’

219 3153 331 3212 Interes
343 3153 460 3230 vigilum
475 3156 602 3214 excubiis
616 3152 746 3210 obsidere
760 3158 854 3226 portos

179 3229 257 3287 Cure
270 3230 351 3289 detur
364 3232 509 3307 Messapo,
524 3241 552 3290 et
565 3229 669 3288 moenie
683 3229 796 3302 cingere
809 3226 938 3286 flammis.

179 3307 353 3384 Bis·septem
367 3308 475 3366 Rutulo
489 3326 583 3363 muros
597 3305 645 3378 qui
659 3305 749 3362 milite
762 3312 876 3364 servent

179 3383 293 3442 Delecti
301 3393 374 3456 34ost
386 3383 449 3441 illos
463 3382 576 3440 centeni
589 3399 731 3457 quemque
745 3390 899 3458 sequnntur

178 3460 319 3536 Purpurei
333 3461 423 3520 cristis
432 3463 555 3538 juvenes
569 3477 692 3534 auroque
707 3461 827 3518 corusci.

178 3539 356 3614 Discurrunt,
370 3539 534 3614 radentque
543 3539 631 3613 vices,
644 3538 756 3615 fusique
769 3558 820 3616 per
831 3537 948 3600 herbam

179 3618 332 3694 Indulgent
344 3617 421 3692 vino,
436 3625 465 3675 et
476 3624 591 3676 vertunt
603 3625 723 3676 oroteres
737 3617 853 3677 ahenos.

178 3697 330 3757 Colluceut
342 3696 431 3772 ignes,
446 3703 559 3754 noctem
573 3697 703 3759 custodie
716 3697 794 3756 ducit

179 3778 342 3836 insomnem
354 3775 430 3834 ludo.

57 3897 70 3929 ¹.
88 3881 93 3894 ·
216 3855 290 3912 Haec
304 3873 388 3933 super
401 3873 417 3912 e
430 3853 505 3912 vello
518 3861 699 3930 prospectent
711 3855 812 3930 Trois,
827 3863 856 3914 et
869 3855 953 3915 ermis

54 3940 84 4010 im
98 3983 110 4003 o
119 3960 128 4002 εν
153 3932 245 3991 *Alto
258 3939 372 4008 tenent;
393 3950 447 3992 nec
460 3951 518 3990 non
531 3931 633 4007 trepidi
646 3931 795 3991 formidine
807 3941 902 4010 portos

101 4050 106 4086 2
178 4003 347 4088 Ei‘plorout
360 4021 517 4090 pontesque
531 4017 560 4067 et
572 4011 783 4086 propugnaculo
792 4014 925 4089 jungunt,
