3128 4456
684 323 797 380 umus
815 325 852 380 11.

278 473 347 548 Qui
360 492 436 532 nunc
452 473 588 534 extremis
601 473 678 534 llsie
690 476 752 554 jum
766 474 899 534 victorin
912 477 970 537 oris

277 551 439 612 Imbcllem
454 552 557 612 uverb's
570 553 710 612 Romanu
724 553 836 612 arcibus
850 555 965 615 Indum.

279 632 383 707 Salve,
397 651 502 708 mngnu
513 650 617 710 parens
630 631 753 708 frugum,
769 633 899 696 Suturniu
911 635 1006 711 tellus,

278 712 397 787 Magne
406 709 499 768 virium
510 731 517 768 ι
538 710 590 769 tibi
603 729 648 769 res
663 711 787 788 entique
801 711 893 774 leudis
906 721 936 772 et
948 714 1014 775 urtis

280 789 444 866 Ingredior,
458 798 571 848 sanctos
584 809 670 848 susus
683 791 829 850 recludere
842 789 953 866 iontes3

280 871 493 945 Ascraeumque
508 887 579 926 cuno
592 869 725 929 Romanu
737 888 789 947 per
802 869 909 950 oppidu
921 890 1047 930 carmen.

325 947 356 1006 N
357 966 413 1006 unc
425 946 506 1008 locus
520 966 649 1006 arvorum
663 948 804 1025 ingenius:
826 968 890 1026 que
904 950 1004 1010 roboro
1016 951 1129 1030 cuique,

283 1026 363 1098 Quis
377 1025 464 1103 color,
482 1034 511 1086 et
523 1045 588 1104 quae
601 1027 639 1088 sit
650 1026 737 1085 rebus
749 1034 850 1086 nature
862 1028 995 1089 serendis.

281 1103 427 1164 Difficiles
439 1101 565 1184 primdm
579 1113 670 1181 terre,
685 1106 830 1184 collesque
844 1107 970 1185 maligni,

282 1185 397 1243 Tenuis
411 1184 460 1243 ubi
474 1185 579 1262 argilla,
594 1193 624 1244 et
636 1185 763 1244 dumosis
777 1185 904 1246 cuculus
918 1188 1001 1265 srvis,

282 1262 417 1322 Pelludii
430 1264 557 1340 gaudent
570 1263 642 1322 silvi
654 1263 763 1324 vivacis
777 1264 870 1323 olive.
962 1290 964 1295 ·

284 1341 398 1402 Indrcio
413 1350 457 1400 est
470 1350 560 1402 tractu
573 1361 691 1419 surgens
704 1342 825 1401 oleaster
838 1343 940 1406 eodem

283 1421 441 1495 Plurimus,
456 1427 485 1478 et
498 1421 577 1478 struti
589 1420 686 1478 buccis
699 1419 873 1479 silvestribus
887 1423 956 1498 cgrl.
1177 1483 1182 1491 ,

284 1501 327 1559 At
339 1518 403 1577 quse
417 1498 530 1576 pinguis
543 1499 658 1573 humus,
671 1497 804 1576 dulcique
814 1499 854 1558 uli
875 1499 923 1558 ‘ne
936 1500 1025 1578 lete„
1043 1533 1048 1546 «
1061 1535 1078 1565 ,μ
1111 1550 1129 1566 ,,

286 1579 348 1649 Qui
367 1597 403 1636 ue
416 1576 659 1654 frequens‘berbis
672 1584 701 1637 et
713 1577 811 1636 fertilis
824 1598 844 1636 u
864 1581 912 1638 e're
925 1599 1058 1658 campus,-

287 1599 411 1730 Quulem
423 1653 500 1734 saepd
515 1656 585 1717 ccvi
599 1655 703 1714 montis
717 1657 846 1715 convelle
860 1658 984 1718 solemus

285 1735 454 1813 Dispicere;
476 1735 533 1794 h'uc
546 1735 664 1795 summis
677 1735 821 1812 liquuntur
834 1737 950 1814 rupibus
963 1758 1072 1816 omues,

188 1873 192 1881 ,
285 1815 473 1892 Felicemque
486 1814 602 1874 trahunt
614 1813 713 1874 limum
724 1834 733 1888 5
754 1815 859 1893 quique
871 1816 963 1878 editus
976 1827 1081 1895 sustro,

177 1961 180 1971 ι
288 1894 329 1953 Et
343 1894 448 1966 filicem
462 1894 555 1952 curvis
569 1894 689 1952 invisum
703 1895 793 1972 puscit
806 1896 920 1954 erutris:

287 1973 347 2032 Hic
359 1967 412 2032 tibi
425 1973 592 2051 praevalidos
605 1972 674 2031 olim
687 1971 832 2052 multoque
845 1973 965 2035 fluentes

288 2051 418 2115 Sufficiet
430 2049 550 2110 Beccho
563 2052 653 2125 vites;
674 2051 721 2112 hic
735 2052 834 2112 fertilis
847 2073 920 2130 ure,

287 2131 347 2190 Hic
359 2131 461 2207 laticis,
475 2131 590 2209 qualem
604 2130 708 2208 puteris
718 2131 838 2191 libemus
852 2141 881 2192 et
894 2152 971 2210 uuro,

288 2207 402 2269 lnfltvu
414 2231 502 2287 quum
514 2210 628 2288 pinguis
641 2209 711 2269 ebur
723 2210 890 2286 Tyrrhenus
903 2213 939 2271 ud
952 2231 1023 2289 urus,

287 2289 433 2350 Lancibus
447 2298 476 2350 et
488 2290 590 2368 pendis
602 2289 741 2348 sumentis
752 2291 895 2351 reddimus
909 2299 984 2350 extu.
1088 2335 1097 2354 .

290 2369 341 2428 Sin
356 2378 483 2428 armentu
495 2365 586 2445 mugis
600 2368 724 2430 studium
737 2368 897 2447 vitulosque
910 2370 992 2444 tueri,

288 2451 349 2508 Aut
361 2448 445 2508 loetus
459 2449 565 2523 ovium,
580 2459 629 2507 aut
640 2458 754 2506 urentes
768 2449 843 2507 cultu
856 2450 998 2527 cupellas;

290 2528 385 2586 Scltus
399 2536 428 2587 et
441 2528 527 2586 saturi
540 2528 629 2605 petito
642 2527 796 2604 longinquo
808 2528 936 2604 Terenti,

288 2607 330 2665 Et
344 2606 459 2682 quulem
471 2606 572 2664 infelix
586 2606 679 2665 emisit
692 2606 967 2685 Montuocempum,

288 2685 461 2744 Poscentem
473 2686 574 2743 niveos
588 2684 710 2744 herboso
724 2684 841 2743 flumine
855 2704 970 2762 cycnos.

288 2763 356 2822 Nou
370 2762 471 2841 liquidi
484 2763 616 2840 gregibus
629 2763 731 2838 sontes,
745 2781 802 2821 non
816 2764 951 2840 gremino,
966 2765 1105 2838 deerunt;

289 2841 329 2900 Et
342 2838 479 2920 quentdm
492 2841 584 2917 longis
598 2849 715 2918 carpent
729 2849 858 2900 amente
877 2842 987 2919 diebus,

291 2921 406 2998 Exiguo
419 2916 529 2980 tuntum
543 2920 653 2994 gelidus
666 2939 713 2978 ros
726 2927 810 2978 nocte
824 2928 951 2997 reponet.
1179 2987 1186 3008 ἱ

327 3001 420 3077 Nigro
433 2994 503 3074 ferei,
518 3006 547 3057 et
560 3017 657 3076 presso
669 2998 783 3075 pinguis
797 2998 849 3058 sub
863 3018 978 3058 vomere
991 3007 1074 3075 tens,

290 3080 331 3139 Et
343 3080 391 3139 cui
402 3088 484 3157 putre
498 3076 590 3137 solum
608 3076 745 3155 (numque
758 3077 814 3136 boc
827 3077 970 3138 imitemur
983 3076 1116 3158 urendo),

291 3160 316 3219 Ο
338 3161 406 3219 timu
419 3157 584 3230 frumentis3
606 3176 663 3214 non
677 3156 736 3214 ullo
747 3175 784 3214 ex
798 3175 911 3233 sequore
924 3175 1024 3216 cernes

291 3181 376 3298 Plura
389 3239 505 3296 domum
519 3237 605 3295 turdis
620 3236 758 3296 decedere
772 3235 895 3311 pluustrn
904 3236 1056 3314 juvencis:

291 3320 350 3378 Aut
362 3317 439 3376 unde
452 3317 540 3375 iratus
554 3316 654 3374 silvam
668 3314 785 3372 devexit
798 3323 898 3391 erutor,

291 3397 331 3456 Et
343 3415 461 3455 nemore
474 3395 575 3454 evertit
588 3393 691 3453 multos
704 3393 807 3468 ignave
819 3413 871 3471 per
884 3412 983 3469 uunos,

291 3475 488 3551 Antiquusque
501 3473 601 3532 domos
615 3472 710 3532 evium
724 3490 790 3530 cum
804 3471 937 3550 stirpibus
950 3470 1016 3532 imis

291 3553 393 3614 Eruit:
414 3553 472 3612 ille
487 3552 575 3611 ultum
588 3551 664 3609 nidis
676 3547 785 3628 petidre
798 3550 921 3624 relictis3

291 3635 330 3692 At
342 3631 420 3691 rudis
434 3632 536 3690 enituit
548 3630 671 3708 impulso
683 3647 800 3688 vomere
815 3648 940 3707 campus.

291 3713 367 3773 Num
377 3713 478 3790 jejune
490 3708 606 3788 quidem
619 3707 719 3767 clivosi
732 3707 826 3784 gluten
840 3709 911 3768 ruris

291 3791 352 3851 Vix
363 3789 487 3849 humiles
501 3787 601 3866 apibus
614 3788 704 3847 casius
717 3806 865 3865 roremque
880 3787 1036 3859 ministrut3

292 3869 331 3930 Et
343 3869 447 3949 tophus
460 3866 568 3942 scuber,
580 3875 609 3925 et
621 3866 709 3943 nigris
723 3884 810 3926 exeso
819 3865 962 3943 chelydris
