2540 4320
153 467 206 524 298
554 465 732 522 AENEIDOS

154 617 214 678 Olli
227 637 279 696 per
292 617 402 694 galeam
416 617 475 676 fixo
489 616 566 676 stetit
578 615 659 675 basta
672 616 796 675 cerebro.

154 697 284 755 Dextera
296 714 350 755 aec
364 704 465 770 tuate,
480 696 599 753 Graium
609 695 772 789 fortissime,
787 697 903 775 Creten,

154 775 271 852 Eripuit
284 775 391 838 Turno.
432 775 498 834 Nee
511 774 540 832 di
554 772 652 832 texere
666 774 845 851 Cupencum,

154 854 251 912 AEnet
264 854 408 929 veniente,
423 854 485 912 sui:
507 852 586 911 dedit
598 852 682 911 obvia
693 853 767 912 ierro
872 907 875 912 Δ

154 933 294 1006 Pectora3
315 951 369 990 nec
383 932 486 990 misero
499 930 595 1008 clypei
608 949 686 988 mora
698 931 803 1008 proficit
815 934 891 992 aerei.

154 1010 200 1068 Te
213 1030 326 1089 quoque
339 1012 496 1071 Laurentes
509 1010 650 1084 viderunt,
664 1009 760 1085 AEdle,
775 1013 865 1082 campi

155 1089 309 1168 Oppetere,
324 1097 353 1148 et
366 1085 422 1147 late
436 1095 538 1147 terram
552 1097 732 1147 consternere
745 1098 843 1165 tergo:

155 1167 281 1244 Occidis,
295 1169 409 1244 Argiae
422 1186 507 1244 quem
522 1186 580 1225 nou
593 1165 713 1244 potuere
725 1167 882 1246 phalanges

155 1247 297 1322 Sternere,
311 1265 365 1304 nec
378 1245 485 1304 Priami
498 1265 651 1322 regnorum
665 1265 778 1305 eversor
791 1247 938 1322 Achilles5

155 1325 213 1383 Hic
227 1324 279 1384 tibi
292 1325 395 1384 mortis
402 1333 483 1383 erant
495 1334 597 1382 metra:
618 1326 721 1383 domus
735 1325 792 1384 alta
804 1325 856 1384 sab
871 1327 932 1402 Idi,

154 1404 290 1480 Ιιιιιιιιιι
282 1404 404 1462 'domus
418 1404 491 1477 alta3
512 1404 573 1462 solo
586 1404 728 1462 Laurente
742 1405 912 1482 sepulcrum

155 1483 237 1540 Tota
253 1479 324 1541 oded
338 1501 481 1540 conversae
496 1483 581 1556 acies,
596 1501 751 1559 omnesque
765 1484 869 1559 Latini,

156 1561 264 1619 Omnes
276 1561 460 1636 Dardanidae,
475 1561 655 1635 Mnestheus,
671 1579 793 1638 acerque
808 1563 947 1638 Serestus,

155 1639 195 1698 Et
207 1640 360 1717 Messapus
374 1640 480 1715 eqnirm
495 1639 624 1715 domitor,
639 1648 672 1698 et
679 1639 758 1698 sortis
772 1641 883 1717 Asylas,

155 1719 373 1796 Tuscorumque
386 1719 522 1796 phalanx,
538 1718 723 1795 Evandrique
737 1721 863 1778 Arcades
877 1720 947 1779 ale:

154 1797 211 1856 Pro
224 1817 255 1855 se
269 1799 389 1875 quisque
402 1797 455 1854 viri
469 1797 580 1854 summi
593 1796 721 1855 nituntur
733 1817 821 1874 opum
835 1800 872 1857 vi.

154 1876 219 1936 Nec
233 1896 320 1953 mora,
333 1895 388 1935 nec
401 1875 533 1952 requies:
554 1883 633 1934 vasto
647 1877 801 1936 certamine
815 1879 942 1937 tendunt.

193 1954 252 2014 Hic
266 1963 391 2014 mentem
405 1955 508 2014 AEneae
523 1954 652 2030 genetrix
665 1955 855 2032 pulcherrirna
868 1957 946 2016 misit

155 2033 213 2094 lret
225 2043 258 2093 ut
271 2034 306 2093 ad
320 2053 415 2093 muros
416 2033 560 2112 ,urbique
574 2035 731 2096 adverteret
744 2054 845 2112 agmen

155 2110 253 2190 Ocius,
267 2121 297 2172 et
309 2113 402 2173 subiti
416 2111 541 2172 turbaret
553 2113 633 2172 clade
647 2114 1011 2176 Latinos..

60 2189 63 2196 ’
154 2190 218 2268 ille,
233 2201 272 2268 ut,
286 2192 428 2268 vestigans
442 2192 567 2250 diversa
566 2212 619 2269 per
631 2193 744 2268 agmina
757 2193 898 2269 Turnum,

155 2270 222 2329 Huc
236 2279 321 2347 atqua
334 2271 393 2329 buc
406 2271 483 2330 acies
496 2270 677 2363 circumtulit,
692 2271 812 2350 adspicit
824 2272 923 2332 urbem

155 2350 316 2408 Immunem
328 2350 399 2408 tanti
411 2349 481 2407 belli
495 2350 600 2426 atque
592 2369 709 2444 quunq
724 2351 858 2426 quietam.

125 2455 127 2458 ·
155 2413 298 2486 Continub
311 2446 416 2505 pugna.
431 2428 562 2486 accendit
574 2429 688 2507 majoris
701 2429 804 2506 imago.

155 2505 317 2582 Mnesthea,
334 2506 554 2584 Sergestumque
567 2515 665 2582 vocat,
674 2507 833 2602 fortemque
849 2510 1003 2586 Serestum,

154 2586 313 2659 Ductores,
325 2585 532 2664 tumulumque
546 2587 630 2663 capit,
645 2583 701 2663 qud
715 2596 818 2646 caetera
831 2587 976 2648 Teucrum

155 2664 305 2722 Concurrit
318 2657 411 2742 legio;
433 2683 487 2722 nec
502 2673 581 2724 scuta
595 2673 643 2722 aut
656 2666 766 2743 spicula
779 2667 861 2725 densi

155 2739 323 2820 Deponunt
362 2745 449 2802 Celso
463 2745 574 2802 medius
588 2753 665 2803 stans
679 2764 780 2838 aggere
794 2746 884 2805 satur:

154 2822 282 2917 Neque
272 2824 343 2882 meis
357 2818 417 2882 esto
431 2823 513 2882 dictis
526 2843 623 2882 mora:
643 2823 753 2900 Jupiter
765 2825 820 2883 bric
834 2833 906 2884 stat:

148 2901 222 2968 ,Ne'u
236 2902 299 2980 quis
313 2902 370 2960 ob
362 2912 509 2980 rnceptum
523 2903 647 2962 subitum
661 2903 732 2962 mihi
745 2905 857 2980 segnior
869 2905 918 2964 ito

156 2980 265 3040 Urbem
278 2981 374 3057 hodie,
389 3001 503 3040 causam
517 2982 596 3075 belli,
610 3001 696 3058 regna
708 2983 770 3060 ipsa
783 2985 887 3060 Latini,
949 3049 952 3056 ¹

154 3058 197 3118 Ni
209 3059 328 3118 sroenum
344 3061 472 3137 accipere
486 3069 514 3119 et
528 3061 595 3119 victi
608 3081 706 3137 parere
719 3062 849 3137 fatentur,

155 3138 273 3212 Eruam,
288 3147 317 3197 et
330 3157 413 3215 equa
425 3140 486 3197 solo
500 3139 637 3198 fumantia
650 3140 774 3200 culmina
786 3160 899 3217 ponam.

156 3216 275 3275 Scilicet
285 3225 447 3311 exspectem
461 3217 548 3276 libeat
561 3219 629 3275 dum
639 3218 742 3294 proelia
756 3219 854 3277 Turno

154 3294 261 3356 Nostra
267 3296 340 3371 pati,
355 3315 506 3372 rursusque
519 3295 589 3354 velit
600 3313 767 3354 concurrere
781 3298 894 3356 victus?

155 3373 220 3431 Hoc
234 3381 328 3450 caput,
343 3393 360 3430 ο
374 3373 450 3432 cives
473 3373 537 3431 brec
550 3373 619 3431 belli
632 3393 744 3431 summa
756 3375 879 3434 nefandi.

154 3451 241 3510 Ferte
254 3451 331 3509 faces
343 3471 475 3528 propere,
489 3451 636 3528 fedusque
649 3453 787 3529 reposcite
801 3453 931 3516 flammis.

154 3530 292 3588 Dixerat:
315 3539 397 3605 atque
412 3531 512 3589 animis
526 3531 629 3607 pariter
642 3531 813 3591 certantibus
827 3553 926 3594 ornnes

154 3610 233 3668 Dant
246 3627 379 3703 cuneum,
394 3610 539 3704 densaque
553 3611 588 3668 ad
602 3628 697 3668 muros
711 3611 786 3669 mole
800 3612 934 3673 seruntur.

157 3689 269 3748 Scalae'
260 3684 424 3765 rmprovisb,
438 3689 602 3766 subitusque
616 3690 764 3766 apparuit
755 3691 838 3766 rgnis.

155 3767 324 3827 Discurrunt
337 3767 384 3826 alii
399 3768 434 3825 cd
447 3776 550 3844 portae,
564 3768 725 3844 primosque
734 3766 896 3844 trucidant3

155 3845 274 3904 Ferrum
290 3847 337 3905 alii
350 3854 491 3923 torquent,
506 3854 534 3904 et
547 3846 715 3905 obumbrant
729 3847 835 3906 aetherc
847 3851 920 3907 telis.

157 3923 223 3997 lpse
236 3926 309 3982 inter
322 3925 428 4001 primos
442 3926 570 3982 dextram
584 3924 636 3982 sub
651 3925 754 3982 muenia
767 3925 858 3985 tendit
893 3935 894 3940 ’

157 4001 273 4076 AEneas,
289 4005 446 4080 magndque
461 4005 572 4062 incusat
584 4021 655 4061 voce
669 4003 820 4061 Latinum:
