3076 4514
516 455 628 511 nisus
645 458 693 512 1v.
1037 462 1086 516 11ss

131 600 211 661 Num
223 601 291 660 fletu
305 603 443 678 ingemuit
454 608 569 662 nostro?
588 625 657 663 num
670 605 778 665 lumina
790 607 888 666 flexit?

131 681 211 739 Num
224 681 361 757 lacrymas
371 682 461 740 victus
475 683 572 740 dedit?
587 692 635 742 aut
647 685 793 743 miseratus
807 693 947 744 amantem
957 689 1019 745 est?
1030 691 1087 746 370

134 759 207 830 Quae
221 760 322 836 quibus
336 761 507 824 anteferam?
523 764 654 839 jamjam
668 781 720 820 nec
733 764 857 822 maxima
868 765 953 840 Juuo,

116 838 196 896 ‘Nec
210 838 355 897 Saturnius
368 839 429 898 haec
443 840 533 897 oculis
544 848 623 916 pater
636 841 754 916 adspicit
767 843 862 918 aequis.

131 916 282 993 Nusquam
294 925 353 975 tuta
366 917 445 975 fides.
486 919 619 996 Ejectum
632 919 733 993 littore,
741 929 886 997 egentem,

131 996 253 1072 Excepi,
268 1003 296 1054 et
308 996 387 1071 regni
401 996 518 1054 demens
531 997 560 1054 in
573 1005 651 1074 parte
666 998 772 1056 locavi:

120 1075 272 1140 ¹Amissum
286 1073 413 1149 classem,
427 1075 528 1150 socios,
543 1095 559 1132 a
571 1084 661 1141 morte
675 1077 783 1135 reduxi.
1029 1080 1085 1134 ³75

131 1152 218 1210 Heu!
238 1153 317 1211 furiis
330 1153 446 1211 incensa
458 1153 548 1211 seror!
570 1155 657 1212 Nunc
672 1174 758 1230 augur
770 1156 797 1213 A
818 1154 884 1230 ollo,

129 1230 215 1288 Nunc
228 1232 324 1307 Lyciae
338 1240 437 1306 sortes,
449 1251 525 1290 nunc
538 1241 567 1290 et
578 1232 650 1290 Jove
663 1234 766 1292 missus
781 1174 816 1291 al
829 1234 892 1310 ipso

131 1309 270 1386 Interpres
284 1309 380 1367 divum
394 1310 447 1368 sert
459 1310 572 1368 horrida
579 1314 659 1388 jussa
671 1330 722 1388 per
735 1331 823 1370 auras.
905 1369 909 1378 ,

131 1387 244 1446 Scilicet
256 1389 280 1445 is
294 1389 402 1463 superis
416 1389 493 1445 labor
507 1397 565 1461 est;
586 1408 619 1447 ea
632 1409 699 1447 cura
712 1391 820 1467 quietos

130 1465 274 1524 Sollicitat.
315 1467 418 1542 Neque
432 1474 460 1524 te
473 1475 565 1540 teneo,
580 1485 672 1541 neque
686 1466 761 1525 dicta
774 1467 879 1525 refello.
1028 1471 1084 1524 380

129 1544 153 1618 l,
167 1563 284 1620 sequere
299 1545 408 1603 ltaliam
421 1546 531 1617 ventis3
551 1553 618 1620 pete
631 1563 718 1620 regna
729 1564 781 1621 per
794 1545 892 1602 undas.
1032 1562 1038 1575 ·
1056 1541 1060 1550 '

130 1623 219 1698 Spero
233 1622 363 1698 equidem
378 1622 488 1696 mediis,
502 1623 526 1680 si
539 1622 607 1699 quid
620 1624 669 1699 pia
681 1624 797 1681 numina
808 1628 936 1700 possunt,

129 1701 276 1777 Supplicia
288 1701 441 1774 hausurum
455 1701 586 1777 scopulis,
601 1710 630 1759 et
641 1702 757 1759 nomine
770 1701 847 1765 Dido

129 1777 212 1856 Saepe
225 1788 398 1838 vocaturum.
440 1780 548 1857 Sequar
561 1780 626 1836 atris
639 1779 753 1854 ignibus
768 1779 886 1852 ahsens;

31 1899 36 1911 .
127 1859 175 1933 Et,
190 1878 277 1936 quum
290 1857 390 1933 frigida
401 1877 475 1915 mors
489 1859 582 1927 animia
595 1859 834 1933 seduxeritartus,
1026 1859 1082 1913 336

128 1937 266 1995 Omnibus
281 1937 378 1995 umbra
389 1935 460 1999 locis
474 1938 575 1994 adero:
597 1936 686 2011 dabis,
700 1937 836 2014 improbe,
850 1953 956 2012 poenas.

127 2017 266 2089 Audiam3
288 2023 316 2072 et
328 2015 391 2073 haec‘
404 2015 506 2081 Manes
519 2016 614 2073 veniet
627 2015 697 2072 mihi
710 2015 786 2072 lama
798 2013 850 2072 sub
864 2015 947 2071 imos.

127 2094 182 2152 His
195 2094 320 2152 medium
335 2093 416 2152 dictis
430 2112 588 2152 sermonem
603 2092 750 2171 abrumpit,
765 2100 794 2151 et
806 2111 886 2151 auras

78 2241 84 2243 ,
120 2171 875 2250 AEgnrugirmequesx-ocohsaaeaatstautert„
986 2222 992 2230 .
1257 2203 1296 2258 qq,
1316 2217 1331 2243 ,-

126 2251 270 2328 Linquens
284 2250 373 2309 multa
386 2260 464 2310 metu
478 2259 656 2310 cunctantem
670 2259 699 2309 et
711 2251 798 2310 multa
810 2248 965 2327 parantem
1015 2251 1092 2306 ’393
1261 2256 1281 2294 ³
1310 2244 1332 2275 ·'

126 2331 239 2389 Dicere.
282 2329 445 2407 Suscipiunt
457 2330 580 2404 famulae,
595 2330 773 2407 collapsaque
787 2328 916 2386 membra
1150 2328 1158 2333 ’
1251 2327 1263 2359 '³
1273 2334 1275 2344 '
1287 2338 1303 2352 '‘

125 2409 286 2468 Marmoreo
300 2408 424 2468 referunt
436 2409 568 2482 thalamo,
582 2409 728 2485 stratisque
741 2414 888 2486 reponunt.

163 2489 203 2546 At
214 2489 278 2565 pius
291 2488 409 2562 AEueas,
424 2507 583 2564 quanquam
595 2487 683 2545 lenire
697 2489 839 2547 dolentem

128 2567 249 2624 Solaudo
263 2567 348 2643 cupit,
363 2575 392 2625 et
405 2567 486 2624 dictis
500 2574 624 2625 avertere
638 2586 728 2641 curas,
1020 2614 1021 2617 ,

126 2641 220 2702 Multa
232 2663 357 2720 gemens,
372 2663 530 2720 magnoque
545 2644 670 2702 animum
680 2644 834 2703 labefactus
847 2660 950 2717 amore,
1023 2645 1081 2700 395

124 2723 207 2781 Jussa
219 2731 312 2780 umen
326 2723 422 2780 divium
437 2723 599 2798 exsequitur
611 2723 784 2799 classemque
797 2721 901 2780 revisit

125 2802 200 2858 Tum
213 2797 279 2857 vero
294 2800 400 2857 Teucri
411 2801 586 2873 incumbunt,
601 2808 629 2857 et
641 2800 732 2857 littore
745 2800 835 2858 celsas

113 2880 279 2937 ·Deducunt
291 2886 349 2936 toto
363 2896 467 2948 naves;
489 2885 566 2934 natat
578 2885 663 2934 uncta
675 2877 786 2948 carina;

124 2958 357 3032 Frondentesque
369 2955 463 3013 serunt
476 2973 568 3012 remos
582 2963 611 3012 et
623 2954 723 3012 robora
734 2953 812 3011 silvis

125 3036 300 3110 Iusabricata,
314 3035 387 3110 fugae
402 3035 501 3092 studio.
521 3063 523 3070 ·
1022 3034 1079 3088 400

124 3115 400 3190 Migrautescernas,
414 3112 528 3189 totique
543 3131 580 3168 ex
592 3110 662 3168 urbe
675 3119 796 3168 ruentes.
1118 3112 1122 3119 ’

123 3195 166 3250 Ac
179 3194 268 3252 veluti
280 3194 424 3269 ingentem
437 3191 560 3249 formicae
574 3189 652 3247 larris
666 3208 796 3247 acervum

110 3334 112 3338 .
125 3272 221 3342 Quum
234 3273 377 3350 populant,
392 3270 493 3329 hiemis
506 3288 655 3343 memores,
669 3276 800 3345 tectoque
810 3272 963 3342 reponunt:

125 3351 150 3408 It
163 3352 273 3427 nigrum
287 3351 394 3427 campis
408 3368 518 3424 agmen,
532 3349 712 3425 predamque
725 3366 776 3423 per
785 3344 887 3404 herbas

125 3430 301 3487 convectant
314 3429 529 3503 calleangust05
549 3446 613 3505 pars
627 3426 742 3501 grandia
754 3425 868 3483 trudunt
1022 3426 1078 3482 405
1141 3446 1148 3471 s

125 3507 245 3566 Obnixae
260 3508 399 3566 frumenta
410 3507 550 3578 humeris3
571 3525 636 3582 pars
650 3504 762 3580 agmina
774 3510 886 3579 coguut,

125 3587 325 3662 castigantque
339 3604 430 3642 moras
443 3605 449 3641 :
464 3603 548 3661 opere
562 3584 653 3640 omnis
667 3583 767 3640 semita
778 3581 875 3639 servet.

125 3665 197 3735 Quis
211 3663 262 3722 tibi
275 3673 351 3738 tunc,
365 3664 452 3737 Dido,
467 3662 592 3720 cernenti
605 3662 672 3718 talia
685 3662 802 3718 seusus?
834 3656 843 3690 '

125 3744 240 3814 Quosve
254 3741 339 3799 dahas
353 3742 482 3816 gemitus,
496 3760 583 3816 quum
596 3739 688 3797 littora
701 3739 808 3797 fervere
821 3733 877 3795 late

123 3822 302 3899 Prospiceres
316 3837 379 3876 arce
393 3838 430 3876 ex
443 3818 560 3891 summi,
575 3825 720 3893 totumque
733 3818 844 3875 videres
1021 3817 1078 3872 410

125 3900 241 3960 Misceri
255 3908 318 3957 ante
332 3897 428 3956 oculos
441 3898 524 3955 tantis
538 3896 705 3956 clamoribus
719 3896 832 3972 aquor?

126 3980 255 4058 Improbe
269 3995 355 4051 amor,
369 3975 437 4052 quid
450 3995 506 4033 nou
520 3974 647 4039 mortalia
658 3983 773 4050 pectora
785 3969 878 4046 cogis!
