2712 4488
517 533 630 590 LlBllll
649 535 698 592 IX.

265 873 269 880 ·
387 873 389 879 ⁸
468 842 742 922 AENEIDOS

457 1014 585 1073 arnna
612 1015 763 1076 nonus.

128 1145 236 1210 Arous
251 1167 285 1207 ea
298 1144 409 1210 diversi
422 1147 536 1226 penitus
549 1151 619 1209 dum
631 1159 710 1227 parte
724 1159 867 1229 geruntur,
967 1191 969 1200 ι
1084 1169 1089 1196 ¹

129 1222 196 1284 Irim
211 1228 247 1286 de
260 1227 332 1287 coelo
346 1228 423 1294 misit
437 1227 567 1288 Saturnia
580 1229 657 1287 luno

127 1305 275 1366 Audacem
289 1307 325 1364 ad
338 1306 476 1366 Turnum.
517 1307 597 1366 Luco
611 1315 670 1366 tum
680 1305 755 1368 tone
768 1311 893 1387 parentis

127 1381 380 1444 PilumniTurnus
394 1385 502 1445 sacrati
515 1385 590 1445 valle
604 1387 728 1446 sedebat

126 1463 272 1542 Adquem
288 1465 328 1523 sic
343 1483 423 1524 roseo
437 1465 642 1523 Thaumantias
656 1483 704 1522 ore
718 1467 813 1525 loouta
825 1475 886 1526 est:
1075 1475 1094 1530 ὅ

166 1542 274 1616 Turne,
289 1544 365 1620 quod
378 1543 485 1620 optanti
499 1543 596 1600 divium
610 1545 772 1620 promittere
785 1563 870 1604 nemo

127 1619 263 1697 Auderet,
276 1621 418 1681 volvenda
430 1622 491 1680 dies
505 1640 542 1680 en
557 1623 649 1681 attulit
660 1621 751 1681 ultro:

121 1698 247 1777 AEneas,
260 1700 340 1776 urbe,
355 1709 383 1760 et
396 1701 489 1777 sociis,
505 1707 533 1760 et
546 1701 636 1760 classe
649 1701 761 1778 reliott,

129 1777 246 1858 Sceptra
258 1779 382 1838 Palatini
396 1781 548 1859 sedemque
561 1781 634 1857 petit
645 1781 782 1839 Evandri.

127 1855 192 1916 Nec
208 1855 293 1918 satis:
315 1867 455 1918 extremas
468 1859 589 1936 Corythi
602 1861 761 1937 penetravit
774 1861 810 1919 ad
823 1859 925 1936 urbes;
994 1921 1002 1942 ,
1057 1867 1097 1921 lo

127 1936 331 2014 Lydorumque
345 1957 471 2013 manum,
485 1939 620 1998 collectos
634 1947 722 1998 armat
735 1948 866 2016 agrestes.

129 2014 207 2086 Quid
221 2017 354 2079 dubitas?
375 2036 450 2074 nuno
463 2024 576 2095 tempus
589 2037 687 2096 equos,
701 2038 778 2078 nuno
789 2037 908 2097 poscere
921 2038 1040 2080 ourrnss

126 2093 243 2173 Rumpe
257 2115 350 2156 moras
363 2114 481 2168 omnes3
503 2104 533 2154 et
545 2097 656 2155 turbata
668 2098 758 2174 arripe
772 2106 870 2156 omtra
899 2108 946 2172 ,gt
975 2109 978 2117 ’
1016 2123 1043 2175 3,
1067 2121 1078 2167 χι

165 2173 267 2248 Dixit3
289 2181 319 2234 et
331 2175 361 2234 in
376 2173 479 2234 crolum
492 2175 606 2251 paribus
620 2195 651 2235 se
664 2174 777 2235 snslulit
790 2177 858 2250 alis3
926 2173 938 2231 f
962 2186 970 2239 i
990 2173 996 2182 ⁷

90 2251 334 2331 .“Ingentemque
348 2254 415 2330 sugis
429 2254 520 2312 secuit
532 2253 584 2312 sub
598 2255 721 2314 nubibus
735 2274 839 2314 arcum
874 2285 877 2292 ·
1057 2261 1096 2315 15

126 2332 254 2408 Agnovit
263 2334 388 2412 juvenis,
403 2332 587 2411 duplicesque
601 2335 636 2392 ad
649 2334 742 2392 sidera
753 2334 863 2411 palmas

128 2411 257 2488 Sustulit,
273 2420 302 2470 et
314 2412 362 2470 tali
376 2411 531 2487 fugientem
545 2421 589 2470 est
601 2432 672 2472 voce
686 2421 816 2474 secutus:

127 2489 176 2566 Iri,
191 2491 277 2549 decus
291 2491 365 2566 ooeli,
380 2491 486 2568 quiete
499 2490 571 2550 mihi
584 2491 707 2552 nubibus
721 2500 812 2552 actam

127 2568 239 2628 Detulit
251 2570 281 2628 in
295 2573 403 2630 terras?
424 2572 500 2629 unde
513 2570 577 2628 hac
591 2578 648 2631 tam
661 2571 737 2630 clare
749 2569 868 2649 repenti

127 2647 315 2725 Tempestas?
336 2649 461 2708 medium
474 2650 559 2708 video
572 2650 717 2708 discedere
731 2651 844 2726 orelam,

59 2747 65 2760 ·
126 2725 315 2804 Palantesque
328 2729 395 2804 polo
409 2727 520 2786 stellas:
542 2747 644 2804 sequor
656 2728 752 2786 omina
764 2735 851 2804 tanta,

129 2805 266 2880 Quisquis
278 2807 308 2863 in
323 2825 400 2863 arma
412 2824 507 2872 vocas.
548 2806 589 2863 Et
601 2807 643 2863 sio
656 2807 757 2880 effatus
772 2807 807 2864 ad
820 2809 926 2866 undem

128 2883 280 2959 Processit,
295 2902 464 2960 summoque
478 2882 573 2941 hausit
586 2884 621 2940 de
635 2885 744 2960 gurgite
758 2884 900 2962 lymphas,
934 2909 937 2920 ¹

128 2963 221 3022 Multo
235 2962 302 3020 deos
316 2981 416 3034 orans;
437 2961 619 3037 oneravitque
633 2961 740 3020 oethera
751 2962 834 3020 votis.

165 3041 183 3099 J
184 3060 286 3117 amque
300 3041 392 3098 omnis
406 3041 512 3117 campis
523 3039 663 3098 exereitus
676 3040 736 3100 ibat
749 3040 862 3117 apertis,
942 3078 944 3088 ·

127 3121 219 3179 Dives
233 3119 347 3196 equium,
363 3119 443 3176 dives
455 3117 544 3195 pictai
557 3119 644 3177 vestis
658 3127 688 3177 et
701 3119 770 3178 auri.

128 3200 279 3276 Messapus
287 3199 391 3275 primas
405 3197 490 3272 acies,
504 3205 648 3274 postrema
660 3201 794 3258 oo‘e‘roeut

128 3279 276 3354 Tyrrhidae
286 3281 419 3356 juvenes,
433 3277 528 3336 medio
542 3276 601 3335 dux
616 3278 728 3353 agmine
742 3276 857 3336 Turnus

127 3355 273 3432 [Vertitur
286 3377 364 3415 arma
377 3365 486 3431 tenens,
502 3364 531 3415 et
544 3364 603 3414 toto
618 3356 724 3416 vertice
737 3353 822 3436 suprd
835 3355 909 3434 estr]

7 3499 8 3508 χ
128 3436 191 3494 Ceu
204 3445 312 3513 septem
327 3455 443 3512 surgens
457 3435 561 3494 sedatis
575 3435 705 3492 amnibus
719 3435 792 3494 altus

128 3514 185 3572 Per
198 3515 313 3572 tacitum
328 3515 452 3594 Ganges,
468 3523 516 3573 aut
527 3515 627 3590 pingui
639 3514 759 3572 flumine
772 3514 869 3589 Nilus,

130 3593 227 3662 Quum
242 3593 334 3651 refluit
346 3594 464 3669 o'ampis,
479 3596 578 3671 etjam
592 3611 622 3650 se
637 3592 764 3653 condidit
777 3593 868 3652 alveo.

121 3671 187 3742 ,Hie
202 3670 323 3728 subitam
336 3671 415 3747 nigro
429 3671 578 3747 glomerari
591 3671 707 3746 pulvere
721 3670 828 3728 nubem

128 3749 311 3827 Prospiciunt
323 3749 439 3824 Teucri,
455 3769 487 3808 ac
500 3748 630 3808 tenebras
640 3748 785 3825 insurgere
798 3749 916 3827 campis.

129 3828 242 3887 Primus
256 3827 291 3884 ab
306 3827 423 3886 advena
436 3827 595 3885 conclamet
608 3825 683 3884 mole
697 3827 823 3886 Caicus:

131 3906 204 3979 Quis
218 3905 328 3998 glquts,
342 3925 359 3964 o
373 3906 460 3980 cives,
475 3904 596 3979 caligine
610 3904 731 3964 volvitur
745 3905 823 3964 atri!

128 3987 215 4044 Ferte
228 3985 276 4042 citt
290 3982 403 4057 serrum,
418 3983 482 4041 date
496 3982 561 4054 tela,
576 3983 703 4042 scandite
717 4003 829 4056 muros;

129 4063 229 4124 Hostis
242 4063 331 4138 adest,
346 4062 408 4122 eia!
431 4061 544 4137 Ingenti
558 4061 681 4122 clamore
694 4081 745 4141 per
758 4080 859 4122 omues
