3076 4514
603 389 714 444 ursan
732 391 779 445 ιν.
833 369 836 374 ’
1121 390 1172 444 aaa

216 529 400 594 Si'mihinon
414 535 508 594 animo
520 536 610 595 lix-um
622 537 824 616 immotumque
837 540 948 600 sederet
1136 540 1172 594 15

214 613 262 671 Ne
276 613 322 676 cui
335 632 381 671 me
393 613 487 672 vinclo
499 613 603 673 vellem
617 617 723 674 sociare
733 618 832 695 jogali,

214 690 367 768 Postquam
379 693 485 769 primus
499 713 576 751 amor
589 695 737 770 deceptam
750 704 839 753 morte
851 695 968 768 fefellit;

216 769 247 827 Si
261 789 317 827 non
330 779 478 847 pertaesum
491 771 606 830 thaland
618 773 757 848 taedaeque
770 773 886 846 suisset;

216 847 294 906 Huic
308 849 357 910 uni
370 848 462 906 forsan
474 850 553 926 potui
567 850 750 908 succumbere
763 849 861 929 culpae.

182 926 309 1016 <Anna
322 926 430 985 fatebor
441 929 527 1002 enim,
542 928 638 986 miseri
651 929 784 1004 postlata
798 929 909 1006 Sycbei

175 1031 197 1080 ,y
215 1005 362 1082 Gonjugis,
377 1013 405 1064 et
418 1023 527 1082 sparsos
539 1007 660 1065 fraterni
673 1007 750 1065 crede
763 1007 894 1084 Penates,

156 1083 191 1168 „¹⁵⁸
217 1082 299 1140 Solus
312 1083 359 1141 hic
372 1083 482 1167 infieait
495 1103 603 1159 sensus,
618 1085 799 1161 animumque
812 1084 953 1144 labantem

216 1160 342 1237 Impulit.
382 1161 902 1238 Agnoscoveterisvestigiafiammae.
943 1186 1043 1231 twa„
1084 1191 1104 1219 c.

110 1212 146 1298 if
218 1241 275 1298 Sed
287 1223 357 1296 milii
370 1240 417 1297 vel
430 1240 621 1328 telluspptem
634 1239 712 1317 prius
725 1243 783 1298 ima
795 1242 931 1316 dehiscat,

217 1317 272 1374 Vel
285 1325 365 1394 pater
378 1319 555 1394 omnipotens
569 1319 661 1392 adigat
674 1337 720 1376 me
733 1318 850 1376 fulmine
864 1320 898 1376 ad
911 1320 1033 1394 umbras,

217 1395 358 1452 Pallentes
372 1395 484 1452 umbras
497 1396 595 1469 Erebi,
608 1405 777 1471 noctemque
790 1396 965 1472 profundam,

219 1477 301 1546 Ante,
316 1473 420 1547 Pudor,
435 1471 519 1549 quam
534 1481 562 1530 te
575 1473 659 1547 violo,
674 1483 721 1532 aut
734 1482 780 1531 tua
789 1478 854 1551 jura
867 1475 984 1533 resolvo.

219 1551 272 1608 llle
285 1569 372 1626 meos,
386 1551 556 1628 primus2qai
569 1570 614 1608 me
628 1552 682 1610 sibi
690 1551 794 1630 junxit,
809 1570 917 1610 amores

154 1650 163 1663 ¹
217 1629 359 1687 Abstulit:
380 1629 429 1688 ille
442 1629 545 1688 habeat
558 1640 826 1707 secumssen'veaque
839 1631 975 1708 sepulcro.

219 1708 266 1765 Sic
279 1705 371 1783 effata,
386 1709 478 1766 sinum
488 1708 760 1785 lacrymisimplevit
773 1708 884 1768 obortis.

255 1787 339 1844 Anna
351 1786 452 1844 refert:
475 1787 500 1845 0
513 1787 578 1846 luce
591 1783 796 1862 magls‘dilecta
809 1789 904 1862 sorori,

220 1864 322 1922 Solane
336 1866 471 1941 perpetua
483 1885 603 1924 moerens
617 1864 733 1942 carpine
742 1867 884 1944 juventi?

217 1943 247 2000 N
249 1962 280 2001 ec
295 1943 390 2002 dulces
404 1951 502 2016 natos3
523 1943 644 2002 Veneris
657 1962 710 2001 nec
723 1945 838 2021 praemia
849 1941 947 2002 nisisi

218 2021 251 2077 ld
265 2023 389 2080 cinerem
404 2030 451 2079 aut
464 2022 566 2098 Manes
580 2022 670 2092 credis
683 2021 939 2100 curaresepnttos?

219 2099 288 2158 Esto
301 2120 307 2157 :
329 2119 431 2176 aegram
445 2100 517 2158 nulli
530 2102 669 2195 qnondam
682 2098 788 2161 flexere
801 2100 910 2174 mariti;

218 2179 285 2236 Non
299 2178 406 2255 Libya,
420 2197 478 2236 uon
491 2188 555 2236 aute
570 2179 664 2255 Tyro;
686 2179 834 2256 despectus
848 2178 952 2254 larbas,
990 2205 994 2216 ·

219 2258 413 2334 Ductoresque
427 2257 474 2314 alii
487 2277 558 2334 quoa
570 2258 666 2316 Africa
678 2266 751 2316 terra
762 2258 912 2335 triumphis
1063 2263 1066 2270 ’

218 2336 307 2394 Dives
321 2336 386 2394 alit:
408 2335 547 2412 placitone
561 2335 645 2395 eliam
659 2336 919 2414 pugnabisamori?

218 2415 247 2472 N
249 2433 281 2471 ec
297 2414 417 2473 venitin
431 2403 555 2474 mentam
569 2433 688 2492 quorum
703 2416 863 2474 consederis
877 2413 972 2472 arvis?

218 2493 294 2550 Hinc
309 2492 427 2550 Gaetulae
441 2493 533 2564 urbes,
547 2513 637 2569 genus
652 2494 841 2571 insuperabile
854 2493 938 2570 bello,
991 2511 992 2514 ’

218 2571 258 2628 Et
271 2571 405 2629 Numidae
419 2571 529 2629 insraeni
541 2572 667 2647 cingunt,
682 2579 710 2629 et
723 2571 864 2649 inhospita
878 2572 987 2648 Syrtis:
1075 2577 1076 2583 ’

219 2649 295 2706 Hinc
310 2651 418 2707 deserta
431 2649 477 2706 siti
490 2649 576 2722 regio,
590 2647 702 2724 lateque
715 2649 840 2708 turrentes

219 2728 335 2784 Barcaei.
377 2727 454 2796 Quid
468 2725 543 2783 bella
555 2727 632 2802 Tyro
645 2729 786 2802 surgentia
799 2727 900 2800 dicam,

220 2805 410 2879 Germanique
424 2804 514 2862 minas
528 2805 539 2858 ?
977 2850 982 2861 .

219 2881 272 2940 Dis
286 2882 416 2959 equidem
430 2881 591 2958 auspicibus
604 2899 675 2955 reor,
690 2890 718 2939 et
729 2882 746 2938 J
749 2899 841 2940 unone
855 2879 989 2955 secunda,
1137 2882 1175 2936 45

219 2961 286 3018 Huc
300 2980 410 3018 cursum
425 2959 525 3020 Iliacas
538 2967 623 3017 vento
635 2960 760 3018 tenuisse
772 2960 891 3028 carinas.
997 2995 1003 3008 ·

107 3045 108 3048 ’
220 3041 313 3110 Quam
328 3047 358 3098 tu
371 3039 480 3113 urbem,
494 3057 579 3114 soror,
592 3038 666 3096 hanc
680 3056 786 3112 cernes,
801 3057 865 3115 qnae
879 3054 993 3114 surgere
1006 3053 1100 3113 regna,

219 3119 360 3197 Conjugio
374 3117 421 3176 tali
434 3119 439 3173 !
481 3117 621 3175 Teucrum
635 3116 834 3175 comitantibus
848 3116 940 3191 armis,

219 3198 328 3255 Punica
340 3196 494 3272 sequantis
508 3195 614 3254 attollet
627 3195 716 3272 gloria
727 3195 810 3253 rebus
822 3197 829 3250 !

220 3277 264 3332 Tu
279 3273 362 3334 modo
376 3294 461 3353 posce
475 3276 543 3333 deos
556 3275 668 3332 veniam
680 3295 689 3348 ;
709 3275 852 3350 sacrisque
864 3245 959 3347 litabis,
1138 3277 1188 3352 50,

221 3353 339 3428 ludulge
352 3354 483 3431 hospitio,
498 3372 651 3430 causasque
664 3354 776 3412 innecte
789 3353 934 3423 morandi3
967 3362 987 3400 f«
1007 3379 1020 3385 -
1047 3371 1091 3392 *a*
1137 3371 1184 3393 Γ·

220 3433 299 3488 Dum
312 3431 411 3508 pelago
425 3433 543 3490 desaevit
554 3432 654 3506 hiems,
669 3440 697 3488 et
710 3434 830 3508 iquosus
844 3430 942 3505 Orion,

222 3511 424 3586 Quassataeque
437 3518 518 3585 rates,
533 3511 601 3569 dum
614 3529 671 3566 non
684 3510 828 3568 tractabile
842 3507 952 3582 caelum

221 3589 277 3646 His
291 3588 372 3645 dictis
385 3587 533 3646 incensum
546 3588 671 3645 animum
683 3585 867 3647 inflammavit
880 3605 982 3662 amore,

223 3667 365 3745 Spemque
379 3666 457 3724 dedit
469 3665 561 3724 dubita
575 3665 672 3739 menti,
687 3667 825 3742 solvitque
837 3666 989 3744 pudorem,
1139 3667 1176 3722 55

259 3742 402 3821 Principio
415 3744 530 3802 delubra
543 3743 655 3818 adeunt,
669 3763 824 3820 pacemque
837 3762 889 3820 per
901 3761 960 3800 aras

221 3823 402 3902 Exquirunt:
423 3829 546 3882 macmnt
558 3823 644 3880 lectas
657 3822 692 3879 de
705 3841 785 3881 more
795 3823 924 3880 bidentes

222 3903 358 3979 Legileraa
373 3901 480 3978 Cereri,
493 3900 667 3977 Phoeboque,
681 3902 808 3978 patrique
822 3899 927 3977 Lyaeo3
