3128 4456
661 367 774 426 ulnus
792 367 851 432 111..

270 519 350 587 htux
363 527 423 578 erat
434 518 490 578 hoe
503 518 596 596 ipsum
610 517 707 596 exih'o,
721 518 857 596 furiisque
870 519 969 580 refesti

271 598 439 670 Ardebant3
460 597 570 675 ipsique
584 616 659 674 suos,
669 599 731 677 jam
745 607 834 656 morte
847 598 900 656 sub
914 598 999 676 egri,

274 675 335 814 §Di
349 676 465 735 meliora
476 675 540 753 piis,
556 695 734 754 erroremque
748 675 878 738 hostibus
889 677 1003 757 illumi)

307 756 420 814 iseissos
430 755 513 814 nudis
527 755 670 815 laniabant
682 755 814 816 dentibus
828 764 911 818 artrrs.

316 834 396 892 Eece
410 842 502 894 antem
517 836 587 892 duro
601 833 711 894 fumans
725 833 778 894 sub
791 855 906 896 vomere
919 843 1015 896 taurus

277 912 420 989 Concidit,
435 921 464 973 et
476 913 596 972 mixtum
610 914 717 992 spumis
729 914 820 974 vomit
832 935 881 974 ore
894 933 1032 992 eruorem,

277 991 485 1070 Extremusque
499 990 556 1052 ciet
568 994 706 1068 gemitus:
728 994 751 1052 it
763 993 849 1052 tristis
863 1002 962 1066 arator,

276 1070 450 1131 Moerentem
464 1071 621 1150 abjungens
634 1071 756 1130 fraterni
769 1080 859 1132 morte
869 1075 1039 1152 juvencum,

276 1151 374 1227 Atque
387 1169 473 1228 opere
486 1151 516 1209 in
531 1150 626 1210 medio
640 1151 736 1210 defixa
747 1151 883 1230 relinquit
895 1161 992 1212 arana.

315 1228 347 1287 N
347 1248 384 1287 on
397 1230 503 1290 umbrae
517 1230 635 1289 altorum
649 1249 805 1306 nemorum,
820 1251 877 1289 non
890 1232 988 1290 mollia
999 1239 1119 1310 possunt

276 1306 362 1372 Pata
374 1327 490 1367 movere
504 1309 639 1384 animum,
653 1328 710 1366 nou
725 1310 773 1385 qui
785 1328 837 1386 per
850 1329 919 1371 saxa
930 1310 1043 1370 volutus

277 1385 378 1445 Purior
391 1387 494 1445 electro
509 1405 640 1462 eampum
652 1387 723 1463 petit
737 1387 845 1446 amnis:
867 1395 897 1446 ot
907 1389 966 1446 ima

279 1464 432 1523 Solvuntur
441 1464 537 1539 latera,
552 1472 635 1540 atque
648 1463 746 1521 oeulos
759 1471 856 1541 stupor
868 1473 950 1540 urget
961 1467 1077 1542 inertes,

277 1544 325 1601 Ad
338 1551 495 1619 terramque
507 1542 570 1601 fluit
582 1543 692 1600 devexo
706 1543 831 1619 pondere
844 1543 951 1600 oervix.

268 1620 358 1692 ‘Quid
370 1621 449 1679 labor
462 1629 511 1680 aut
523 1620 672 1680 benefacta
679 1623 803 1700 juvant?
824 1621 893 1699 quid
905 1641 1020 1681 vomere
1033 1629 1120 1686 terro

279 1699 431 1759 invertisse
445 1702 564 1777 gaves?
594 1699 671 1778 atqui
683 1719 741 1758 non
754 1699 881 1758 Massica
893 1700 1003 1760 Baoebi

278 1777 411 1853 Munera,
425 1799 482 1838 non
495 1778 551 1837 illis
565 1778 656 1857 epulae
670 1777 793 1838 nocuere
806 1777 944 1855 repdstae:

278 1857 439 1917 Frondibus
453 1866 482 1916 et
494 1857 571 1916 vietu
584 1869 737 1936 pascuntur
749 1857 885 1936 simplicis
893 1858 1013 1932 -berbae3

278 1935 387 1996 Poeula
399 1945 465 1995 sunt
477 1936 569 1996 sontes
582 1936 691 2014 liquidi,
706 1945 790 2013 atque
803 1936 928 1994 exercita
940 1956 1023 1996 eumn

279 2015 429 2090 Flumins5
450 2034 504 2073 neo
517 2035 630 2075 somnos
644 2015 864 2092 abrumpiteura
876 2016 1011 2080 salubres.

317 2094 459 2172 Tempore
472 2113 529 2154 non
543 2095 599 2154 alio
612 2094 710 2155 dsunt
722 2092 884 2171 regionibus
897 2093 952 2154 illis

281 2173 421 2244 Questus
435 2175 471 2232 ad
484 2192 564 2232 sacra
575 2173 807 2249 boves'Junonis,
822 2180 852 2232 et
863 2172 921 2231 uris

280 2252 438 2330 lmparibus
451 2252 552 2312 ductos
565 2253 622 2312 alta
635 2254 670 2311 ad
684 2253 799 2311 donaria
811 2270 917 2312 eunus.

280 2332 357 2410 Ergo
371 2329 445 2408 segre
459 2332 553 2391 rastris
566 2340 668 2391 terram
681 2331 825 2407 rimantur,
839 2339 869 2391 et
881 2329 950 2410 ipsis

280 2410 433 2487 Unguibus
445 2410 587 2470 infodiunt
598 2409 702 2490 fruges,
716 2418 882 2488 montesque
895 2427 947 2490 per
960 2409 1030 2470 altos

280 2490 423 2549 Contenti
436 2490 547 2549 cervice
560 2489 674 2550 trahunt
687 2490 834 2548 stridentia
845 2489 977 2567 plaustro.

318 2569 387 2627 Non
399 2569 482 2647 lupus
496 2569 611 2628 insidias
625 2569 752 2646 explorat
763 2568 849 2626 ovilia
862 2567 979 2644 circum,

280 2646 345 2707 Neo
358 2647 489 2724 gregibus
502 2655 655 2708 nocturnus
669 2647 847 2721 obambulat;
868 2648 958 2706 aerior
969 2646 1050 2706 illum

281 2725 357 2788 cnm
370 2725 483 2784 domat:
504 2725 595 2784 timidi
608 2727 699 2784 dumne
713 2727 846 2802 eervmue
859 2724 974 2802 fugares

280 2803 312 2862 N
313 2821 367 2861 une
380 2803 509 2880 interque
523 2822 606 2862 canes
620 2811 649 2862 et
663 2804 770 2862 circum
785 2809 859 2861 tecto
871 2811 1016 2879 vagantur.

281 2881 298 2940 J
300 2901 344 2940 am
359 2882 442 2940 maris
456 2882 587 2939 immensi
600 2880 709 2958 prolem
723 2889 751 2938 et
764 2899 854 2954 genus
868 2899 954 2939 omna
966 2878 1112 2940 natantium

283 2961 389 3020 Littore
402 2959 432 3017 in
447 2967 582 3034 extremo,
596 2978 650 3018 eeu
662 2958 797 3034 naufraga
809 2977 934 3035 corpora,
945 2958 1049 3018 ductus

283 3039 406 3098 Proluit:
428 3037 547 3098 insolitae
560 3037 670 3114 fugiunt
683 3040 712 3097 iu
725 3035 962 3115 flumina‘phooae.

284 3119 384 3182 Interit
395 3125 425 3177 et
437 3116 529 3176 curvis
542 3115 643 3176 frustra
654 3117 771 3176 defensa
784 3115 897 3176 latebris
1040 3161 1043 3166 .

283 3197 398 3275 Vipera,
414 3205 443 3256 et
456 3195 565 3256 attoniti
578 3195 701 3273 squamis
715 3195 889 3254 adstantibus
902 3193 992 3274 hydri.

285 3276 358 3353 Ipsis
371 3284 415 3335 est
428 3279 476 3335 adr
489 3275 588 3333 avibus
600 3294 659 3334 non
672 3295 778 3352 aequus,
792 3281 821 3334 et
834 3275 890 3333 illae

284 3355 448 3432 Praecipites
461 3354 517 3413 alti
530 3355 617 3412 vitam
631 3352 683 3412 urb
696 3353 771 3412 nube
785 3352 954 3432 relinquunt.

285 3432 426 3492 Praeterea
434 3434 494 3510 jam
507 3451 561 3491 nee
575 3431 675 3490 mutari
688 3431 792 3508 pabula
805 3432 897 3508 refert,

286 3511 478 3590 Qnesitaeque
491 3519 596 3570 noeent
609 3517 698 3568 artes:
719 3506 831 3568 cessere
844 3507 979 3588 magistri,

286 3589 455 3666 Phillyrides
469 3589 585 3664 Chiron,
599 3587 862 3664 Amythaoniusque
876 3587 1046 3670 Melampus.

288 3668 376 3728 Savit
389 3675 417 3727 et
429 3668 458 3726 in
471 3667 566 3728 luaem
581 3666 686 3744 Stygiis
700 3667 803 3726 emissa
815 3666 937 3728 tenebris
1017 3701 1019 3705 ·

286 3745 397 3806 Pallida
409 3745 574 3822 Tisiphone,
589 3744 707 3804 Morbos
720 3745 777 3822 ogit
790 3741 854 3803 antd
868 3745 1045 3823 Metumque,

289 3826 378 3903 Inque
392 3825 453 3884 dies
467 3824 578 3884 avidum
592 3843 708 3900 surgens
721 3833 805 3900 eaput
818 3820 900 3885 altius
914 3822 1003 3884 effen.

289 3905 390 3968 halatu
402 3921 534 4014 peeopurn
545 3910 574 3962 et
586 3901 691 3962 crebris
704 3900 856 3978 mugitibus
870 3920 967 3963 amnes
