2712 4488
534 405 647 462 LIBER
665 405 701 461 X.

115 551 205 613 eone
222 574 359 634 sequens,
373 555 474 632 deutri
487 556 608 632 puppim
619 565 706 633 tenet,
721 557 838 634 ipsoque
852 557 934 617 dorso
1008 583 1011 590 ·

114 633 259 710 Eminet,
275 654 308 693 ac
321 634 396 693 laevi
409 634 502 692 tacitis
515 635 688 710 subremigat
700 637 791 694 undis
880 649 887 664 '

114 713 203 770 Tum
218 714 263 771 sie
277 713 406 789 ignarum
420 713 588 790 alloquitur:
611 714 769 791 vigilasne,
784 713 870 776 dedat
883 734 963 792 gens,

116 791 223 850 AEnea
233 793 254 862 ?¹
267 791 363 867 vigila,
377 800 406 850 et
419 791 490 849 velis
503 792 624 850 immitte
638 794 780 874 rudentes.

115 869 188 928 Nos
204 889 306 928 sumus
320 870 407 928 ldaeae
421 888 500 928 sacro
513 870 551 927 de
563 871 670 930 vertice
683 872 777 949 pinus,
1043 876 1101 930 230

116 948 216 1007 Nunc
231 949 326 1026 pelagi
340 949 371 1008 N
372 947 497 1026 ympbe,
511 948 608 1007 classis
622 958 679 1007 tua.
720 951 850 1010 Perfidus
863 959 895 1010 ut
906 970 959 1010 nos
1054 1003 1056 1010 ,

116 1027 297 1106 Praecipites
309 1028 382 1086 ferro
395 1027 521 1086 Rutulus
534 1027 706 1105 flammisque
718 1029 875 1106 premebat,

117 1107 276 1184 Rupimus
289 1107 386 1165 invite
400 1116 449 1165 tua
461 1105 588 1181 vincula,
602 1115 688 1184 teque
700 1125 752 1184 per
766 1127 862 1186 sequor

120 1185 305 1256 Quaerimus.
347 1185 432 1243 Hanc
448 1186 578 1261 genetrix
591 1185 693 1243 sociem
706 1187 838 1246 miserata
850 1187 958 1265 refecit,
1041 1190 1044 1199 '
1068 1223 1090 1250 ι.

119 1264 164 1322 Et
179 1264 263 1322 dedit
275 1282 338 1322 esse
352 1264 429 1339 deas,
444 1281 595 1341 aevumque
610 1263 714 1339 agitare
728 1266 780 1323 sub
794 1266 888 1325 undis.
1042 1270 1099 1328 2³5

119 1345 164 1402 At
178 1362 256 1420 puer
268 1342 409 1401 Ascanius
423 1361 505 1400 muro
518 1342 785 1419 fossisquetenetur

119 1421 202 1480 Tela
215 1423 291 1479 inter
304 1420 399 1478 media
412 1428 496 1496 atque
509 1419 657 1480 horrentes
670 1421 764 1480 Marte
778 1423 905 1482 Latinos.

119 1501 138 1558 J
141 1520 192 1558 am
207 1500 272 1557 loca
281 1501 362 1578 jussa
375 1506 474 1557 tenent
486 1498 550 1556 sorti
562 1499 719 1576 permixtus
733 1500 855 1559 Etrusco

120 1581 218 1638 Arcas
233 1597 337 1656 eques:
358 1578 467 1636 medias
479 1577 536 1635 illis
549 1597 695 1655 opponere
708 1586 825 1655 turmas,

121 1659 174 1717 Ne
191 1657 289 1715 castris
298 1657 429 1735 jungant,
444 1664 521 1716 certa
534 1666 577 1715 est
591 1658 733 1716 sententia
746 1658 865 1716 Turno.⁴
1041 1665 1100 1718 240

124 1737 223 1812 Surge
238 1754 306 1812 age;
328 1744 357 1794 et
370 1735 468 1794 aurord
482 1736 574 1795 socios
586 1736 719 1798 veniente
733 1737 829 1796 vocari

122 1809 242 1874 Primus
255 1814 284 1872 in
299 1833 376 1871 arma
385 1814 474 1894 jube3
496 1822 525 1873 et
538 1814 671 1893 clypeum
685 1835 765 1894 cape,
779 1833 867 1894 quem
881 1814 961 1876 dedit
971 1817 1033 1894 ipse

123 1895 272 1952 Invictum
285 1893 456 1969 ignipotens,
471 1901 556 1971 atque
570 1913 632 1954 oras
646 1895 744 1953 ambiit
757 1914 833 1953 auro.

123 1973 260 2034 Crastina
273 1973 334 2048 lux,
348 1971 413 2032 mea
426 1973 450 2030 si
463 1991 520 2030 non
534 1973 611 2031 irrita
624 1974 700 2032 dicta
710 1974 828 2052 potiris,

124 2051 266 2129 Ingentes
278 2049 395 2110 Rutula
410 2050 549 2128 spectabit
561 2052 649 2110 cedis
662 2071 786 2112 acervos.
1040 2052 1099 2124 tert,

123 2131 276 2205 Dixeratp
289 2138 319 2189 et
331 2130 431 2188 dextri
444 2130 594 2188 discedens
608 2130 720 2208 impulit
733 2131 828 2208 altam,

125 2209 217 2268 Haud
232 2211 329 2287 ignare
342 2209 430 2284 modi,
444 2209 565 2287 puppim
578 2229 584 2266 :
600 2209 678 2286 'sugit
690 2210 739 2269 illa
750 2229 803 2288 per
814 2210 906 2269 undas

126 2289 217 2348 Ocior
230 2299 259 2348 et
268 2288 366 2368 jaculo
380 2295 409 2347 et
421 2297 522 2348 ventos
536 2296 668 2366 equante
682 2289 791 2366 agitat„

126 2368 202 2426 Inde
216 2369 278 2427 alie
293 2367 418 2434 celerant
431 2387 539 2426 cursus.
582 2368 684 2446 Stupet
697 2368 804 2428 inscius
817 2368 879 2446 ipse

127 2447 203 2506 Tros
215 2446 421 2520 Anchisiades3
443 2447 552 2505 animos
565 2456 661 2506 tamen
675 2448 771 2505 omine
782 2447 864 2506 tollit.
1041 2449 1099 2504 85⁰

130 2525 210 2583 Tum
224 2526 357 2601 breviter,
372 2543 475 2603 supera
488 2525 656 2604 adspectans
669 2545 807 2602 convexa,
820 2533 969 2603 precetur:

169 2605 257 2663 Alma
269 2623 373 2682 parens
388 2604 467 2663 ldoea
480 2605 576 2681 dedm,
590 2605 637 2662 cui
650 2605 796 2683 Dindyma
809 2604 896 2680 cordi,

130 2683 348 2760 Turrigeraeque
362 2682 457 2758 urbes,
469 2681 616 2761 bijugique
630 2683 666 2740 ad
678 2683 767 2741 frena
779 2684 895 2754 leonem

130 2761 178 2820 Tu
192 2761 263 2818 mihi
277 2779 354 2819 nunc
367 2778 471 2837 pugnae
485 2762 626 2838 princeps,
640 2767 671 2818 tu
685 2758 738 2819 rita
752 2761 925 2838 propinques

130 2840 309 2917 Augurium
330 2838 549 2916 Phrygibusque
564 2839 638 2897 adsis
651 2839 735 2915 pede,
749 2839 835 2914 Dira,
850 2838 985 2897 secundo.
1041 2841 1098 2896 255

131 2919 256 2977 Tantum
270 2918 391 2992 effatus3
413 2926 442 2976 et
454 2917 563 2976 interea
575 2916 703 2976 revoluta
714 2917 814 2975 ruebat

130 2999 246 3058 Matura
255 3000 316 3090 Jam
328 2997 393 3054 luce
407 2996 477 3072 dies,
491 3004 662 3072 noctemque
677 2995 798 3071 fugarat.

169 3077 313 3154 Prinorpio
328 3075 412 3134 sociis
426 3075 513 3134 edicit
525 3076 606 3152 signa
619 3081 780 3152 sequantur,

129 3158 227 3235 Atque
241 3156 350 3216 animos
364 3163 461 3232 aptent
474 3155 568 3229 armis,
582 3171 743 3232 pugnaeque
756 3159 857 3230 parent
869 3171 910 3211 se.
1022 3226 1025 3232 Ι

130 3236 251 3312 Jamque
265 3234 295 3293 in
309 3231 462 3322 coappectu
477 3233 605 3292 Teucros
617 3232 706 3292 babet
718 3240 747 3291 et
760 3251 812 3291 sua
823 3239 924 3309 eastra,
1041 3237 1099 3292 260

133 3315 217 3373 Stans
230 3314 308 3372 celst
321 3314 351 3371 in
364 3313 471 3391 puppi3
492 3313 625 3390 clypeum
640 3331 727 3390 quum
741 3311 845 3370 deinde
859 3310 971 3372 sinaut

132 3392 245 3451 Extulit
258 3393 412 3450 ardentem.
435 3427 439 3433 ·
454 3392 616 3451 Clamorem
630 3390 665 3449 ad
679 3391 773 3450 sidera
785 3389 888 3450 tollunt

132 3471 303 3529 Dardanide
317 3489 334 3528 e
347 3472 454 3545 mnris3
476 3489 542 3548 spes
555 3470 651 3528 addita
663 3469 781 3528 suscitat
794 3461 867 3541 iras3

132 3549 206 3609 Tela
219 3568 306 3607 manu
315 3549 443 3627 jaciunt:
465 3549 563 3626 quales
577 3548 630 3608 snb
643 3548 768 3608 nubibus
782 3547 848 3607 atris

134 3628 303 3706 Strymoniae
317 3627 385 3687 dant
397 3629 479 3703 signa
491 3634 679 3704 grues‚,atque
694 3627 801 3687 ethera
813 3634 942 3710 nunant·
1041 3628 1099 3684 865

111 3743 113 3746 ·
133 3709 210 3768 Cum
224 3706 327 3780 sonitu,
342 3705 509 3782 fugiuntque
522 3714 604 3764 notos
618 3705 743 3765 clamore
756 3705 892 3764 secundo.
1118 3725 1120 3740 ι

26 3833 30 3846 .
132 3789 172 3847 At
183 3785 292 3845 Rutulo
306 3785 366 3860 regi
380 3784 557 3860 ducibusque
569 3803 603 3841 ea
616 3784 686 3842 mira
698 3784 790 3842 videri

133 3865 284 3937 Ausoniis;
306 3864 397 3922 donec
409 3881 505 3920 versas
520 3863 555 3920 ad
569 3863 662 3921 littora
675 3881 786 3940 puppes

133 3944 311 4024 Respioiunt,
326 3951 472 4018 totamque
487 3941 571 4000 allabi
584 3939 721 4002 classibus
735 3953 841 4016 equor.
947 3984 957 4008 ,
