2712 4488
200 447 254 504 276
595 435 772 494 AENEIDOU

200 583 330 641 Tandem
343 581 415 642 liber
429 601 526 660 equus,
541 601 697 658 campoque
710 581 814 658 potitus
827 587 942 659 aperto;

201 663 259 721 Aut
272 661 320 720 ille
334 661 363 718 in
377 669 474 738 pestus
488 669 670 736 armentoque
682 659 773 718 tendit
786 678 931 736 equarum,

201 742 260 798 Aut
273 747 400 798 assuetus
414 757 493 816 aquae
507 737 638 815 perfundi
651 738 769 796 flumine
783 745 850 796 noto
887 761 890 768 ·

201 817 325 893 Emicat,
340 818 510 894 arrectisque
523 815 617 876 lremit
630 817 789 884 cervicibus
803 812 859 875 dte

201 897 372 972 Luxurisns,
386 883 542 972 luduntque
551 893 630 972 jube
642 914 694 972 per
707 894 790 969 eolla,
803 912 855 972 per
868 913 969 953 armos.

202 975 295 1033 Obvia
308 975 365 1050 cui,
380 975 549 1034 Volscorum
564 973 625 1032 acie
638 973 801 1048 comitante,
816 973 938 1032 Camilla

203 1053 341 1128 Occurrit,
354 1053 497 1130 portisque
511 1050 546 1109 ab
560 1069 634 1128 equo
647 1052 746 1128 regins
758 1051 810 1110 sub
824 1051 893 1128 ipsis

202 1131 344 1190 Desiluit:
365 1151 450 1209 quarn
464 1139 522 1190 tots
535 1128 637 1204 cohors
652 1131 762 1189 imitata
774 1130 878 1188 relictis

99 1234 101 1243 ·
203 1211 250 1267 Ad
264 1219 366 1268 terram
379 1209 498 1288 deflusrit
511 1207 600 1286 equis.
643 1209 720 1268 Turn
734 1207 902 1276 taliaistur:

202 1287 312 1362 Turne,
326 1289 369 1347 sui
383 1284 484 1347 merito
498 1287 523 1347 si
535 1307 591 1364 qua
603 1296 647 1346 est
660 1286 765 1346 fiducia
776 1285 849 1362 forti,
886 1279 890 1289 ¹

203 1367 314 1441 Audeo,
329 1374 358 1425 et
370 1365 534 1424 AEnesdirm
548 1363 681 1443 promitto
694 1384 841 1426 occurrere
855 1373 965 1443 turmae,

205 1443 327 1522 Solaque
341 1445 503 1521 Tyrrhenos
518 1446 627 1521 equites
640 1445 681 1504 ire
695 1444 778 1504 obvia
791 1453 896 1503 eontra

203 1521 255 1580 Me
269 1525 330 1581 sine
343 1523 434 1601 prims
447 1543 532 1582 manu
546 1531 654 1583 tentare
667 1524 794 1601 pericula
805 1523 893 1582 belli:

202 1599 250 1658 Tu
262 1603 351 1678 pedes
364 1603 399 1660 ed
412 1622 508 1660 muros
521 1603 653 1678 subsiste,
668 1603 915 1662 etmoeniaservn.
994 1605 996 1610 ’
1074 1661 1078 1669 ,

204 1679 317 1740 Turnus
332 1681 367 1739 ad
380 1681 452 1756 hec,
468 1679 564 1740 oculos
577 1681 717 1738 horrendis
731 1681 761 1738 iu
774 1681 883 1758 virgine
897 1683 989 1742 fixus:

204 1759 240 1834 0,
256 1760 342 1818 decus
356 1759 455 1835 Italiae,
469 1760 558 1837 virgo,
573 1778 641 1836 quas
656 1759 749 1817 dicere
763 1769 864 1836 grates,

204 1837 319 1909 Quasve
333 1836 436 1896 referre
449 1840 566 1915 perern?
587 1839 638 1898 sed
650 1855 736 1913 nunc,
751 1845 794 1896 est
807 1839 902 1898 omnis
916 1839 1029 1916 quando

203 1917 261 1976 Iste
275 1917 385 1976 animus
399 1936 492 1994 supra,
507 1936 620 1976 mecum
633 1916 736 1993 partire
750 1915 884 1976 laborem.

202 1996 321 2073 AEneas,
336 2003 367 2054 ut
379 1996 454 2054 sema
466 1995 553 2054 fidem
566 1995 700 2072 missique
714 2004 858 2072 reportent
969 2017 970 2022 ¹

203 2075 413 2152 Exploratores,
428 2073 555 2152 equitum
569 2075 644 2134 levia
655 2073 799 2152 improbus
813 2094 890 2132 arura

201 2153 352 2229 Praemisit,
366 2160 513 2230 quaterent
526 2173 655 2243 campos:
675 2154 747 2230 ipse,
762 2153 848 2211 ardun
861 2152 964 2212 montis

202 2231 258 2290 Per
267 2233 378 2290 deserta
386 2234 458 2310 jugo
471 2251 615 2309 superans,
631 2232 764 2290 adventet
776 2232 812 2290 ad
825 2232 934 2312 urbem.

202 2309 289 2368 Furta
301 2329 369 2386 paro
382 2309 452 2368 belli
465 2329 594 2368 convexo
608 2310 637 2367 in
651 2310 763 2368 tremite
777 2310 866 2386 silvae,
932 2359 934 2364 ,

202 2386 243 2446 Ut
255 2387 345 2445 bivias
360 2395 466 2445 armato
480 2388 608 2446 obsidem
621 2388 710 2446 milite
723 2387 828 2447 fauces.

201 2465 248 2523 Tu
262 2465 440 2542 Tyrrhenum
453 2466 576 2542 equitem
590 2466 700 2524 collatis
713 2467 814 2544 excipe
828 2467 933 2542 signis3

200 2544 311 2606 Tecum
326 2563 391 2602 acer
404 2545 555 2622 Messapus
569 2544 630 2620 erit,
642 2553 799 2622 turmaeque
813 2546 933 2621 Latinae,

201 2623 379 2700 Tiburnique
393 2642 511 2682 manus:
533 2623 614 2682 ducis
629 2630 658 2681 et
670 2632 700 2682 tu
714 2623 834 2702 concipe
848 2644 952 2684 eurem.

202 2702 249 2760 Sic
263 2703 310 2778 ait,
326 2711 355 2761 et
370 2701 484 2780 paribus
498 2701 665 2780 Messapum
678 2702 708 2761 in
721 2703 821 2780 proelia
834 2703 916 2763 dictis

200 2780 508 2858 Hortatur,sociosque
522 2781 627 2855 duces3
643 2790 678 2840 ¹et
690 2781 782 2859 pergit
794 2781 824 2854 iu
838 2783 958 2842 hostem.

199 2861 255 2920 Est
267 2881 355 2921 curvo
369 2862 494 2928 anfractu
507 2861 605 2936 valles,
620 2861 773 2929 accomoda
785 2861 876 2921 fraudi

157 2989 164 2998 .
199 2942 405 3019 Armorumque
419 2939 510 3014 dolis;
531 2959 615 3018 quem
630 2941 724 2999 densis
738 2940 883 3000 frondibus
897 2951 986 3002 atrum

200 3019 291 3095 Urget
304 3021 444 3096 utrimque
457 3019 548 3093 latus,
571 3019 663 3078 tenuis
677 3015 734 3096 qud
749 3020 850 3078 semite
863 3020 961 3098 ducit,

200 3100 394 3176 Angustseque
407 3099 500 3156 ferunt
513 3097 619 3172 lauces,
634 3097 781 3174 aditusque
795 3099 920 3174 maligni.
1010 3167 1012 3172 ¹

200 3177 284 3234 Hanc
298 3196 392 3253 super,
407 3177 437 3234 in
451 3175 587 3253 speculis,
600 3195 767 3251 summoque
781 3175 810 3234 in
823 3178 929 3236 vertice
943 3177 1056 3256 montis,

199 3254 338 3312 Planities
352 3255 449 3329 ignota
458 3257 545 3330 Jecct,
561 3255 669 3330 tutique
683 3262 822 3331 receptus,
912 3311 914 3316 .

202 3333 259 3390 Seu
273 3333 372 3390 dextri
385 3331 516 3408 laevdque
529 3331 601 3389 velis
615 3349 762 3389 occurrere
779 3351 894 3408 pugne,

201 3410 268 3470 Sive
282 3409 386 3471 instare
395 3409 473 3488 jugis
488 3418 516 3468 et
529 3409 644 3485 grandia
657 3407 771 3466 volvere
786 3429 861 3468 saxa.

200 3490 267 3548 Huc
278 3489 392 3566 juvenis
406 3488 473 3546 notai
486 3489 574 3548 fertur
587 3487 702 3562 regione
717 3488 836 3564 viarum,

200 3566 382 3644 Arripuitque
395 3565 500 3642 locum,
515 3575 544 3624 et
557 3565 635 3624 silvis
648 3565 754 3625 insedit
766 3567 880 3644 iniquis.

238 3646 377 3705 Velocem
391 3644 498 3704 interes
511 3645 620 3722 superis
634 3646 663 3704 ia
678 3647 792 3704 sedibus
807 3645 902 3724 Opim,

200 3725 297 3787 Unam
311 3743 348 3786 ex
361 3722 517 3798 virginibus
531 3723 615 3782 so'oiis
630 3725 764 3802 sacrique
778 3726 901 3802 catervi,

200 3803 407 3880 compellabat,
421 3810 450 3860 et
462 3802 514 3859 hss
527 3802 612 3860 tristis
627 3803 844 3862 Latoniavoces

201 3882 258 3939 Ore
272 3881 374 3940 dabat:
397 3881 531 3939 Graditur
542 3879 650 3938 bellum
664 3882 699 3938 nd
713 3883 826 3939 crudele
841 3881 972 3956 Camilla,

200 3959 227 4016 Q
241 3960 330 4035 virgo,
345 3969 374 4018 et
387 3959 489 4018 nostris
502 3957 692 4035 nequidquam
706 3959 827 4032 cingitur
840 3961 932 4034 armis,
