2712 4488
507 555 619 610 LIBER
639 555 687 609 XI.
1030 555 1084 612 259

115 702 146 760 N
147 722 202 761 une
217 703 273 760 ruit
287 704 322 762 ad
335 712 431 780 terras,
445 704 633 782 scopulosque
647 707 799 798 superjacit
811 706 915 766 undam
1025 711 1081 764 625

117 783 270 858 Spumeus,
285 791 495 861 extremamque
508 784 572 840 sinu
586 784 732 860 perfundit
745 803 875 843 arenam:

114 861 145 918 N
148 879 203 917 unc
217 862 331 937 rapidus
344 871 457 936 retro,a
457 871 525 937 tque
540 871 609 919 aestu
624 863 750 921 revoluta
762 863 909 921 resorbens

116 939 202 1013 Saxa,
217 939 299 1014 sugit,
313 941 472 1036 littusque
460 941 532 998 vado
546 941 643 998 labent
631 949 659 998 te
673 942 813 1018 relinquit.

115 1019 167 1075 Bis
182 1018 272 1075 'lusci
286 1019 408 1077 Rutulos
422 1037 505 1095 egere
520 1019 555 1076 ad
569 1020 674 1078 moenia
686 1038 799 1092 ters0s3

115 1098 167 1154 Bis
182 1098 282 1174 rejecti
294 1099 378 1156 armis
392 1106 552 1175 respectant
564 1105 642 1173 terga
653 1106 792 1174 tegentes.
832 1095 860 1160 s'

94 1193 95 1198 ¹
115 1176 215 1233 Tertia
228 1176 279 1233 sed
291 1187 438 1253 postquam
452 1177 595 1252 congressi
608 1179 637 1234 in
651 1178 759 1270 praelia,
773 1185 845 1237 totas

116 1253 310 1348 ΙιιιρΙίιιιόιιι”
302 1265 375 1313 inter
389 1275 419 1313 se
434 1256 518 1333 acies,
528 1255 697 1350 ‘legitque
670 1275 761 1314 vnum
774 1257 833 1315 vir:

116 1335 193 1390 Turn
207 1331 275 1391 verb
290 1344 318 1392 et
331 1335 451 1410 gemitus
465 1333 646 1409 morientilm,
662 1342 691 1392 et
704 1337 840 1428 sangnine
854 1336 884 1394 in
899 1335 956 1394 alto

115 1416 273 1488 Armaque,
288 1431 469 1490 corporaque,
484 1421 513 1470 et
524 1414 658 1489 permixti
671 1404 792 1471 caede
764 1433 891 1472 vrrorum
953 1457 961 1478 .

26 1509 29 1520 ·
117 1491 309 1549 Semianimes
323 1493 475 1549 volvuntur
489 1491 571 1567 equi;
592 1511 689 1568 pugna
702 1511 800 1568 aspera
813 1494 965 1568 surgit·

116 1569 284 1627 Orsilochus
298 1569 425 1644 Remuli,
440 1570 576 1645 quando
566 1587 659 1646 ipsum
672 1569 803 1628 horrebat
817 1571 903 1645 adire,

116 1647 260 1706 Hastam'
253 1648 364 1705 1utorsit
378 1666 461 1725 equo,
475 1647 634 1725 ferrumque
648 1647 701 1705 sub
716 1667 782 1706 aure
795 1648 928 1726 reliquit;

116 1728 183 1796 Quo
199 1725 314 1818 sonipes
327 1727 384 1784 ictu
398 1726 463 1784 surit
476 1727 592 1803 arduus,
607 1727 718 1805 altaque
729 1728 826 1805 jactat,

114 1804 276 1862 Vulneris'
268 1804 427 1882 impatiens,
442 1813 548 1863 arrecto
561 1814 685 1882 pectore,
700 1824 799 1863 crura:

114 1884 252 1946 Volvitur
265 1883 313 1940 ille
328 1903 466 1942 excussus
480 1883 568 1941 humi.
609 1883 728 1942 Catillus
743 1884 832 1962 lolan,

18 1965 19 2010 ἕ
115 1963 324 2039 lugentemque
339 1963 449 2038 animis,
463 1963 608 2038 ingentem
622 1981 739 2039 corpore
754 1971 783 2022 et
796 1964 889 2039 armis,

114 2041 227 2119 Dejicit
241 2041 440 2114 Herminium·
461 2043 539 2098 nudo
553 2041 600 2098 cui
611 2042 718 2099 vertice
731 2041 807 2098 fulva

60 2125 61 2130 ’
115 2120 267 2195 Caesaries,
281 2119 407 2195 nudique
420 2085 546 2192 ilumeri3
568 2138 622 2177 nee
635 2120 752 2178 vulnera
765 2128 877 2192 terrent,

112 2201 228 2256 Tantus
243 2197 272 2254 in
287 2216 365 2254 arma
377 2202 464 2274 patet
505 2199 591 2255 Latos
604 2198 672 2256 huie
686 2197 767 2256 hasta
779 2215 831 2276 per
843 2217 935 2256 armos

114 2282 216 2336 Aetat
204 2277 308 2350 tremit,
323 2271 508 2353 duplicatque
515 2275 607 2333 virum
621 2276 755 2334 transfixa
768 2277 873 2336 dolore.

114 2356 261 2414 Funditur
274 2363 332 2412 ater
344 2355 450 2432 ubique
464 2373 562 2412 eruor:
584 2355 652 2413 dant
668 2354 767 2413 lunera
780 2355 852 2413 seno

114 2437 278 2508 Certantes,
291 2433 495 2512 pulchramque
507 2441 608 2511 petunt
619 2453 670 2510 per
683 2435 801 2492 vulnera
814 2443 940 2494 mortem.

153 2516 195 2571 At
209 2513 316 2570 medias
328 2513 402 2571 inter
414 2514 508 2571 caedes
522 2512 644 2572 exsultat
658 2513 796 2589 Amazon,

113 2593 219 2651 Unum
234 2601 327 2649 exsert
328 2611 343 2648 a
317 2588 429 2650 lta'tus
442 2611 556 2669 pugnae,
570 2591 731 2669 pharetrata
746 2593 880 2652 Camilla.
935 2621 936 2624 ¹

114 2671 157 2728 Et
170 2689 249 2728 nunc
262 2669 339 2728 lenta
352 2689 438 2728 manu
452 2689 587 2761 spargens
600 2671 714 2729 hastilia
726 2673 835 2746 denset,

113 2750 146 2808 N
147 2768 206 2807 une
219 2747 341 2805 validam
356 2749 462 2806 dextri
469 2750 541 2825 rapit
553 2750 698 2808 indefessa
710 2715 875 2825 bipenndm.

114 2833 232 2886 Aureus
246 2845 283 2883 ex
295 2826 415 2883 humero
429 2836 509 2885 sonat
523 2837 657 2903 arcus,et
671 2847 746 2884 arma
760 2828 871 2884 Dianae.

116 2908 173 2966 Illa
187 2906 280 2979 etiarn,
295 2923 319 2960 ιι
310 2903 466 2979 ''quando
458 2923 487 2961 ιιι
501 2913 610 2980 tergum
624 2905 706 2983 pulsa
719 2899 843 2980 recessit,

116 2984 242 3078 Spicula
249 3001 383 3040 converso
397 2981 533 3056 fugientia
546 2983 640 3058 dirigit
653 3001 728 3040 arcu.

115 3069 157 3123 At
171 3059 276 3121 eirchm
291 3061 372 3118 lectae
387 3061 461 3118 comi
462 3070 513 3135 tes,
528 3061 728 3138 Larinaque
700 3079 789 3136 virgo,

115 3137 271 3218 Tullaque,
286 3149 314 3198 et
328 3145 440 3200 aeratam
454 3139 583 3216 quatiens
596 3139 721 3217 Tarpeia
735 3139 865 3212 securim,

117 3222 144 3279 I
136 3219 254 3294 alides3
276 3237 345 3297 quas
359 3219 421 3296 ipsa
434 3219 519 3276 decus
533 3218 587 3275 sibi
601 3217 782 3277 diacamilla

116 3299 244 3376 Delegit,
258 3298 393 3376 pacisque
406 3298 494 3356 bonas
508 3296 633 3373 bellique
647 3297 803 3356 ministras:

118 3378 228 3449 Quales
242 3377 396 3453 Threiciae,
411 3391 497 3453 quum
511 3375 628 3434 flumina
641 3375 862 3434 Thermodontis

116 3457 246 3548 Pulsant,
261 3465 290 3514 et
302 3457 385 3533 pictis
397 3456 537 3513 bellantur
549 3458 710 3513 Amazones
725 3456 825 3528 armis;

119 3536 218 3594 Seu
194 3553 299 3592 circum
314 3535 499 3613 Hippolyten,
515 3554 564 3592 seu
578 3553 666 3610 quum
680 3553 710 3591 se
725 3535 830 3592 Martia
843 3549 927 3589 curru

117 3611 302 3673 Penthesilea
315 3613 407 3687 refert,
422 3631 582 3688 magnoque
596 3611 723 3670 ululante
737 3609 860 3670 tumultu

91 3707 92 3712 ’
117 3691 271 3752 Foeminea
284 3657 425 3748 exsultarit
438 3690 542 3748 lunatis
557 3692 669 3765 agmina
680 3691 776 3768 peltis.-

120 3771 216 3842 Quem
226 3768 282 3828 telo
295 3770 428 3845 primum,
444 3788 526 3845 quern
541 3777 723 3862 pestremum,
737 3787 836 3846 aspera
847 3768 935 3844 virgo,

118 3849 250 3928 Dejicis?
272 3855 320 3905 aut
333 3856 402 3922 quot
414 3847 494 3903 humi
507 3847 655 3905 morientia
668 3866 784 3924 corpora
796 3845 910 3904 lundis.

46 3975 50 3982 .
119 3929 262 3986 Euuaeum
277 3926 371 4002 Clytio
384 3917 507 4002 primurn
521 3932 609 4000 patre,
624 3928 704 4003 cujus
719 3935 846 4001 apertum

119 4007 241 4064 Adsersi
256 4005 340 4080 longa
354 4003 559 4062 transverberat
573 4003 664 4060 abiete
678 4013 794 4080 pectus·

121 4085 272 4162 Sanguinis
286 4084 333 4142 ille
347 4101 465 4160 vomens
480 4081 552 4140 rivos
567 4082 649 4156 ondit,
664 4091 747 4158 atque
762 4089 906 4138 cruentam
