2712 4488
205 419 260 474 240
599 419 776 476 AENlllDOS

207 567 348 626 Concedit
360 567 485 644 laudern,
498 577 527 628 et
539 569 653 646 poribus
667 587 724 628 non
737 567 846 628 invidet
859 570 952 628 ermis
1116 575 1176 630 666

207 645 425 723 contempens,
439 666 518 724 puer,
532 647 616 706 bello.
659 648 707 706 Sic
721 666 801 706 orsus
813 647 919 724 Apollo

206 724 344 783 Mortales
357 726 451 784 medio
464 727 615 804 odspectus
629 743 759 784 sermone
772 725 893 803 reliquit,

207 803 247 861 Et
261 804 361 880 procul
374 804 404 863 in
417 814 533 864 tenuem
547 823 584 862 ex
597 804 688 862 oculis
701 805 817 863 evannit
829 823 933 863 summ.

205 880 358 957 Agnovere
372 883 456 942 deum
469 901 601 960 proceres
614 883 765 958 divinoque
779 882 835 941 telo

205 959 388 1037 Dnrdonidae,
401 962 617 1042 pharetramque
630 961 697 1038 lugi
710 959 824 1018 sensere
838 968 995 1019 sonantem.
1113 965 1172 1020 660

206 1037 283 1115 Ergo
297 1040 411 1098 uvidum
425 1058 528 1175 pugne
542 1039 626 1098 dietis
639 1059 672 1098 sc
685 1039 803 1097 numine
816 1038 920 1097 Pboebi

211 1118 360 1176 Ascanium
374 1138 425 1196 pro
446 1117 543 1176 ibent:
563 1117 619 1195 ipsi
632 1119 662 1176 in
675 1117 830 1176 certamino
842 1135 938 1175 rursus

211 1195 378 1271 Succedunt,
391 1197 556 1272 animosque
569 1197 598 1256 in
613 1203 708 1274 operte
719 1195 846 1273 periculo
857 1195 980 1255 mittunt.

209 1273 232 1338 tt
245 1274 351 1332 clomor
363 1276 428 1334 totis
440 1294 492 1352 per
504 1275 715 1352 propugnaculo
728 1274 834 1333 muris:
1120 1315 1123 1320 .

205 1351 362 1412 lutendunt
375 1373 454 1412 sores
467 1372 558 1430 orcus,
572 1361 741 1430 emeritoque
755 1360 894 1430 torquent.
1112 1357 1169 1411 666

206 1431 344 1490 Sternitur
357 1451 441 1492 omne
455 1432 547 1492 solum
560 1433 641 1491 telis:
662 1440 722 1491 tum
736 1440 817 1490 muts
828 1449 963 1507 noveque

204 1510 283 1568 Dant
297 1511 419 1570 sonitum
432 1511 511 1570 flictu
525 1511 631 1587 galee:
652 1529 749 1587 pugno
762 1529 861 1588 aspero
873 1509 979 1585 surgit;

118 1629 135 1652 ¹-
158 1597 195 1658 t*
205 1587 337 1658 Quantus
352 1589 386 1648 ob
400 1608 501 1672 occasu
514 1590 634 1647 veniens
647 1588 820 1665 pluvialibus
834 1588 935 1646 Hedis

204 1665 343 1726 Verberat
355 1667 446 1726 imber
458 1668 598 1740 humum;
619 1663 704 1744 quim
718 1667 807 1725 multi
821 1667 956 1742 grandine
970 1666 1059 1724 nimbi

204 1744 238 1802 ln
251 1746 325 1803 vodo
337 1747 521 1823 praecipitont,
535 1765 626 1822 quum
638 1745 749 1822 Jupiter
762 1744 891 1804 horridus
905 1745 1005 1804 cuchis
1109 1749 1167 1804 670

204 1823 331 1901 Torquet
344 1843 479 1901 equosem
492 1825 626 1897 hiemem,
641 1832 671 1882 et
683 1824 755 1882 coelo
768 1843 839 1881 cova
852 1823 951 1882 nubilo
962 1823 1074 1900 rumpit

241 1902 386 1962 Pandarus
400 1912 429 1963 et
441 1903 541 1980 Bitias,
557 1904 635 1962 ldaeo
648 1902 789 1961 Alcanore
803 1903 881 1978 creti,

204 1979 285 2051 Quos
297 1982 377 2040 Jovis
391 1983 489 2042 eduxit
502 1982 567 2042 luco
581 1981 715 2042 silvestris
729 1982 809 2059 lero,

201 2059 352 2119 Abietibus
361 2064 483 2140 juvenes
496 2062 593 2139 patriis
606 2069 635 2120 et
647 2061 791 2120 montibus
805 2077 910 2136 equos,

202 2137 325 2215 Portum,
340 2159 403 2216 quse
418 2141 496 2198 ducis
509 2140 629 2218 imperio
643 2140 802 2215 commisse,
817 2138 968 2197 recludunt
1109 2140 1168 2195 6'15

202 2217 281 2274 Freti
295 2218 389 2293 armis,
404 2218 534 2294 ultroque
548 2218 669 2277 invitent
681 2218 822 2276 moenibus
835 2216 956 2274 hostem.

203 2293 262 2370 Ipsi
275 2295 351 2354 intus
365 2297 463 2354 dextri
478 2315 511 2354 oc
524 2296 597 2354 levi
609 2315 660 2372 pro
674 2296 795 2354 turribus
809 2297 927 2369 adstent,

201 2373 312 2431 Armati
325 2373 408 2449 ferro,
423 2382 452 2432 et
465 2375 556 2433 cristis
570 2375 662 2451 cupite
676 2375 731 2432 olto
744 2375 870 2433 corusci:

203 2450 311 2522 Quales
326 2453 410 2510 cirin
424 2452 561 2530 liquentis
573 2452 692 2510 flumine
704 2453 820 2528 circum,

204 2529 271 2588 Sive
284 2531 356 2589 Pedi
369 2531 446 2609 ripis,
460 2531 591 2589 Athesim
605 2549 655 2589 seu
668 2539 783 2610 propter
796 2548 948 2605 amoenum,

202 2609 385 2687 Consurgunt
397 2608 517 2688 gemine
532 2629 661 2687 quercus,
676 2611 843 2688 intonsoque
857 2608 929 2667 coslo
973 2653 975 2664 .

202 2689 344 2749 Attollunt
358 2691 459 2768 cupite,
473 2697 503 2748 et
515 2689 629 2748 sublimi
642 2689 749 2748 vertice
763 2695 870 2749 nutent.
986 2709 989 2716 ·

203 2768 375 2847 lrrnmpunt,
390 2769 481 2828 editus
494 2769 595 2828 Rutuli
604 2778 638 2829 ‘ut
650 2767 748 2828 videre
761 2776 899 2847 potentes.

202 2846 347 2907 Continuo
362 2849 521 2922 Quercens,
536 2856 564 2907 et
576 2847 697 2930 pulcher
709 2849 866 2925 Aquicolus
880 2844 973 2919 nmis,

203 2925 242 2986 Et
255 2947 382 3006 preceps
396 2928 483 2986 enimi
497 2929 627 3004 Tmarus,
642 2936 671 2986 et
684 2927 843 2986 Mavortius
857 2925 992 2998 Hemon,

203 3007 373 3081 Agminibus
386 3008 451 3066 totis
465 3014 514 3066 sut
525 3008 601 3066 versi
613 3015 692 3083 terga
705 3003 820 3081 dedere,

202 3087 261 3142 Aut
274 3086 336 3161 ipso
348 3093 435 3182 portae
448 3083 568 3163 posuere
582 3087 611 3142 in
625 3084 723 3142 limine
735 3085 833 3142 vitem.

203 3163 280 3219 Tum
294 3182 383 3238 mogrs
397 3165 557 3222 increscunt
569 3163 671 3220 animis
684 3162 858 3220 discordibus
871 3159 938 3232 irre3

203 3241 244 3298 Et
253 3241 314 3317 jem
327 3239 438 3299 collecti
452 3241 543 3298 Tro'e's
557 3241 746 3316 glomerentur
759 3241 870 3313 eodem,

204 3317 244 3374 Et
257 3316 384 3375 conferre
397 3337 511 3376 monum
527 3325 556 3376 et
567 3335 731 3395 procurrere
744 3313 858 3392 longius
872 3315 983 3374 sudent

243 3395 362 3453 Ductori
375 3397 472 3455 Turno
485 3397 596 3455 diversi
609 3395 639 3453 in
651 3403 730 3472 porte
743 3395 855 3470 furenti,

204 3472 399 3550 Turbontique
411 3475 494 3551 viros,
508 3475 647 3552 perfertur
659 3474 774 3533 nuntius
787 3473 897 3531 hostem

204 3549 329 3612 Fervere
343 3553 422 3612 cede
436 3555 518 3629 novt,
533 3561 562 3612 et
574 3561 668 3631 portos
681 3553 808 3630 prebere
821 3557 958 3629 petentes.

205 3631 321 3691 Deserit
333 3630 489 3709 inceptum,
504 3640 589 3709 etque
602 3633 721 3691 immoni
734 3631 862 3692 concitus
874 3630 917 3688 iri

205 3711 378 3770 Dardaniam
391 3711 447 3769 ruit
460 3712 494 3770 ed
506 3723 617 3790 portum
631 3711 784 3788 lrctresqne
798 3709 951 3788 superbos3

206 3790 246 3846 Et
258 3788 380 3866 primhrn
393 3789 578 3867 Antiphaten,
592 3791 616 3848 is
630 3790 707 3847 enim
720 3809 750 3848 se
763 3791 870 3866 primus
883 3787 994 3864 egebu,

206 3867 347 3925 Thebani
360 3869 397 3926 de
409 3877 496 3927 matre
509 3868 629 3926 nothum
644 3867 813 3942 Sarpedonis
827 3866 885 3940 ulti,

206 3946 346 4023 conjecto
360 3948 458 4006 sternit
466 3946 563 4026 jaculo
575 3966 582 4002 τ
602 3944 680 4003 volut
693 3945 764 4002 ltnla
777 3963 877 4002 cornus
