3076 4514
609 395 722 452 nluun
741 399 789 454 VI.

140 489 164 530 u

72 599 77 639 t
143 535 168 625 ξ
204 543 269 604 ute
284 544 346 606 vioe
359 565 521 607 sermonum
534 547 622 606 roseis
634 548 745 606 Aurora
758 547 900 626 quadrigis

72 648 77 684 r
145 651 151 685 ε
206 623 266 682 iam
280 625 406 685 medium
420 626 536 684 otherio
550 645 634 684 eursu
647 628 794 704 trajecerat
806 645 910 702 arem3

203 703 244 761 Et
256 703 312 774 fors
326 723 412 763 omne
425 705 521 764 datum
534 705 678 764 traherent
689 723 741 784 per
753 706 820 764 talia
833 714 963 786 tempus:
1001 713 1013 737 ⁸

130 774 141 805 a*

133 808 138 828 r

205 783 263 840 Sed
276 801 371 842 eomes
385 785 539 860 admonuit,
553 784 732 862 breviterque
746 785 831 844 affata
844 786 952 864 Sibylla
964 795 1026 846 est:

128 829 158 908 h
203 861 273 920 Nox
286 862 350 938 ruit,
364 863 478 936 AEnea3
500 881 552 922 nos
565 863 660 922 tiendo
673 864 804 923 ducimus
817 865 909 924 horas.

204 940 262 998 Hic
274 939 355 999 locus
370 950 413 1001 est
425 951 518 1020 partes
531 943 580 1001 ubi
594 961 626 1000 se
638 943 686 1000 via
698 943 781 1002 findit
793 945 821 1002 in
837 944 951 1004 ambas:

203 1019 340 1096 Dextera,
354 1040 417 1097 quae
432 1022 507 1080 Ditis
521 1022 617 1098 magni
630 1021 682 1079 sub
696 1023 801 1080 moenia
813 1024 923 1099 tendit3

204 1097 270 1156 Hie
283 1098 337 1156 iter
350 1099 481 1176 Elysium
495 1101 595 1161 nobis:
617 1108 647 1158 at
657 1100 730 1158 laeva
742 1101 881 1160 malorum

204 1177 332 1250 Exereet
343 1198 453 1257 poenos,
467 1187 496 1238 et
509 1181 545 1239 ad
558 1179 646 1257 impis
657 1179 776 1238 Tartara
789 1179 882 1240 mittit.

203 1256 374 1333 Deiphobus
387 1256 503 1317 conud:
525 1259 573 1328 Ne
587 1258 665 1334 sseri,
679 1277 783 1334 magna
795 1261 944 1334 sacerdos3

203 1335 367 1411 Discedam,
382 1336 505 1414 explebo
517 1331 678 1410 nume‘ium,
692 1337 849 1414 reddarque
861 1339 994 1398 tenebris.

204 1414 230 1487 1,
243 1415 339 1491 decos,
353 1415 373 1491 i,
387 1423 531 1488 nostrum3
553 1414 717 1473 melioribus
730 1422 810 1474 utere
823 1416 896 1474 istis.
934 1482 937 1492 Ι

203 1490 329 1552 Tautirm
343 1493 452 1568 effatus,
467 1502 496 1552 et
509 1495 539 1552 in
552 1493 640 1552 verbo
652 1493 773 1570 vestigia
785 1495 885 1570 torsit..
929 1506 934 1527 ‘
993 1494 1003 1516 '⁷
1031 1493 1047 1505 '⁴

241 1572 374 1650 Respicit
385 1573 495 1631 AEneas
509 1568 613 1648 subitis,
629 1580 658 1631 et
671 1570 723 1630 sub
737 1589 807 1650 mpe
821 1573 934 1633 sinistri
956 1605 960 1612 ·

203 1650 314 1709 Moenia
327 1651 384 1711 lata
396 1652 475 1710 videt
488 1652 591 1729 triplici
604 1652 777 1711 circumdata
789 1671 879 1730 muro,

204 1729 279 1800 Quae
293 1730 406 1807 rapidus
418 1729 541 1790 flammis
554 1731 643 1789 ambit
655 1730 824 1791 torrentibus
838 1731 929 1790 amnis

202 1809 354 1868 Tomeos
367 1807 556 1887 Phlegethon,
571 1817 739 1888 torquetque
752 1811 883 1870 sonantia
894 1827 972 1870 saxa

202 1887 289 1947 Porta
302 1888 428 1965 adversa,
439 1890 549 1966 ingens,
564 1889 710 1966 solidoque
725 1890 874 1949 adamante
888 1891 1047 1962 columnae3

202 1966 256 2024 Vis
270 1968 392 2026 utnulla
404 1968 505 2044 virium,
519 1989 577 2027 non
591 1967 646 2047 ipsi
659 1969 826 2028 exscindere
838 1969 912 2028 ferro
938 1989 942 1998 ·

203 2046 348 2105 usticula
362 2047 493 2105 valeant:
515 2055 570 2106 atat
582 2047 672 2106 terres
683 2047 766 2106 turris
780 2049 814 2106 ad
829 2065 928 2122 suras3

202 2123 417 2202 Tisiphoneque
431 2127 543 2201 sedens,
557 2126 633 2203 polla
646 2126 793 2185 succincta
805 2127 931 2204 cruenti,

175 2203 384 2282 qvostibulum
398 2206 542 2264 exsomnis
556 2213 649 2264 servat
660 2214 815 2284 noctesque
828 2207 956 2286 diesque.

186 2283 281 2342 ,Hine
295 2283 422 2342 exaudiri
436 2285 569 2360 gemitus,
583 2292 612 2344 et
625 2303 702 2344 sava
714 2303 813 2344 sonare

184 2361 347 2437 ,Verbera2
370 2371 431 2422 tom
443 2364 545 2422 stridor
557 2363 632 2441 terri,
647 2373 799 2442 uastoque
814 2363 932 2424 datenae.
1110 2414 1113 2424 .
1215 2433 1218 2441 s

180 2504 183 2514 ,
203 2442 337 2501 Constitit
349 2442 469 2520 AEneas,
485 2444 687 2521 strepitumque
702 2444 851 2526 exterritus
864 2441 977 2504 hausit:
1061 2457 1066 2468 ’
1076 2457 1079 2467 ’
1091 2445 1128 2468 ²¹⁰

176 2531 183 2594 ζ
204 2520 276 2591 Quae
291 2522 429 2581 scelerum
443 2522 552 2581 facies?
573 2541 590 2580 o
603 2523 692 2598 virgo,
707 2521 792 2581 effare
804 2517 822 2597 ς’
834 2523 972 2600 quibusve

202 2599 348 2678 Urgentur
359 2600 474 2678 poenis?
496 2601 544 2677 qui
557 2607 650 2660 tantus
663 2600 781 2677 plangor
795 2602 830 2660 ad
844 2604 949 2662 auras?

89 2713 92 2720 ·
144 2674 147 2700 ·’
172 2677 174 2685 ’
202 2678 279 2736 Tum
292 2687 370 2736 vates
384 2677 426 2735 sie
440 2695 504 2735 orsa
516 2679 613 2754 loqui:
634 2680 704 2739 Dux
717 2679 823 2755 inelyte
837 2679 992 2753 Teuonim,

201 2756 284 2815 Nulli
297 2757 338 2815 ias
352 2764 429 2814 oasto
442 2754 611 2813 seelemtum
624 2756 754 2814 insistere
767 2757 855 2814 limen
866 2776 875 2830 ;

197 2835 260 2892 Sed
275 2853 331 2908 me,
346 2853 432 2911 quum
446 2833 520 2892 lueis
532 2833 644 2892 Hecate
657 2833 784 2910 praefecit
796 2831 929 2910 Auernis,

203 2914 270 2991 Ipsa
282 2913 367 2972 deirm
381 2931 480 2990 peenas
493 2909 599 2986 docuit,
613 2931 719 2988 perque
732 2913 828 2971 omnia
840 2912 929 2971 duxit.

177 3049 179 3056 .
203 2993 327 3052 Gnosius
340 2991 404 3050 hreo
416 2990 654 3050 Rhadamanthus
666 2989 754 3048 habet
766 2991 918 3050 durissima
929 3009 1034 3068 regua3

202 3073 385 3149 Castigatque
399 3071 532 3148 auditque
546 3070 636 3145 dolos,
650 3068 809 3147 subigitque
823 3068 903 3129 fateri
996 3087 1000 3096 ·

177 3201 186 3222 ,,
203 3151 277 3224 Qua
292 3151 354 3229 quis
368 3151 444 3228 apud
457 3167 583 3228 superos,
597 3148 669 3208 iurto
683 3149 793 3208 letatus
807 3148 894 3226 inani,

149 3286 153 3295 ,
178 3293 183 3301 .
199 3229 323 3291 'Distulit
334 3231 469 3289 inseram
483 3229 635 3288 commissa
646 3228 759 3306 piacula
772 3235 900 3288 mortem.

204 3306 347 3368 Continui
362 3319 457 3368 sontes
470 3308 557 3368 ultrix
570 3308 698 3367 accincta
710 3307 822 3384 flagello

175 3389 183 3471 ζ
201 3387 361 3524 ἶίεἱρίιοῑιε
375 3388 464 3465 qustit
476 3387 634 3460 insultans3
656 3394 798 3465 tortosque
812 3387 925 3446 sinistri
961 3427 975 3472 4

176 3509 180 3517 «
221 3475 351 3526 ntentans
366 3483 481 3542 angues,
494 3474 579 3525 vocat
592 3465 705 3542 agmina
718 3483 794 3524 seva
807 3485 942 3526 sororum.

159 3561 160 3566 ¹
173 3538 182 3597 i
204 3541 281 3603 Tum
294 3545 410 3602 demum
422 3543 571 3604 horrisono
586 3544 735 3602 stridentes
749 3544 863 3604 cardine
876 3563 963 3604 saorra

204 3624 371 3683 Panduntur
382 3629 480 3699 portae.
522 3623 625 3682 Cernis
638 3622 766 3682 custodia
778 3623 869 3700 qualis

181 3767 183 3773 ,
204 3701 355 3762 Vestibula
369 3701 489 3760 sedeat?
509 3701 595 3760 faeies
609 3719 672 3778 qna
685 3700 785 3759 limina
797 3703 912 3762 servet?

205 3781 420 3860 Quinquaginta
432 3780 498 3838 atris
512 3780 644 3839 immanis
657 3779 783 3839 hiatibus
794 3779 896 3858 Hydra

206 3863 315 3922 Saevior
327 3861 403 3919 intus
416 3858 504 3918 habet
516 3861 633 3918 sedem:
653 3865 714 3918 tum
728 3859 860 3918 Tartarus
873 3859 935 3936 ipse

205 3940 256 4000 Bis
268 3939 389 4019 patet‘in
402 3934 663 4020 praeepstantdm,
677 3937 824 4014 tenditque
837 3937 889 3997 snb
903 3931 1027 4014 umbras,
