3128 4456
659 357 771 416 LIBER
789 358 840 413 ΠΙ.
1198 363 1235 420 ω

258 507 324 566 Per
337 507 440 567 silvas:
461 514 523 566 tum
535 523 629 566 saevus
643 526 722 584 aper,
736 516 797 568 tum
808 506 935 584 pessima
947 507 1046 588 tigris:

260 585 353 646 Heu!
374 583 449 645 male
464 595 524 644 tum
538 586 638 662 Libyae
652 587 719 644 solis
732 596 839 645 erratur
851 587 881 646 iu
895 587 978 663 agris.

260 665 375 725 Nonne
387 666 469 724 vides
481 674 514 724 ut
525 672 584 723 tota
597 675 702 724 tremor
712 673 855 743 pertentet
867 684 1007 742 equorum
1113 674 1114 678 ’
1174 673 1233 728 200

262 745 404 822 Corpore,
418 740 565 802 sitentium
579 752 659 802 notes
672 741 742 802 odor
755 745 848 804 attulit
860 747 961 803 nurus?

263 825 314 882 Ac
328 841 421 900 neque
435 843 484 882 eos
493 825 555 901 jam
568 822 656 881 frena
669 822 770 898 virrim,
784 843 878 901 neque
890 823 1010 883 verbera
1022 842 1109 900 seve,

263 903 337 962 Nou
351 903 469 980 scopuli,
484 920 627 979 rupesque
640 921 729 979 cave,
744 911 829 979 atque
843 903 956 982 objecta
967 904 1110 964 retardant

263 981 404 1040 Flumina
417 989 560 1058 correptos
574 981 651 1038 undt
664 981 823 1058 torquentia
835 991 955 1042 montes.

266 1060 337 1138 lpse
350 1060 404 1118 ruit
417 1061 574 1137 dentesque
589 1059 748 1119 Sabellicus
761 1061 877 1120 execuit
890 1080 948 1137 sus,
1068 1099 1076 1112 ι
1175 1065 1233 1122 200

267 1139 396 1216 Etpede
408 1139 566 1218 prosubigit
578 1148 691 1216 terrem,
704 1139 786 1198 fricat
798 1139 897 1198 arbore
910 1145 1013 1216 costas,

266 1220 365 1294 Atque
378 1217 447 1277 hinc
461 1226 545 1296 atque
558 1217 637 1276 illinc
651 1218 786 1276 humeros
799 1219 835 1276 ad
847 1219 967 1278 vulnera
979 1219 1069 1281 durat

309 1297 389 1369 Quid
398 1299 515 1376 juvenis
528 1316 662 1372 magnum
676 1297 724 1354 cui
736 1303 830 1354 versat
843 1296 873 1354 in
886 1297 997 1356 ossibus
1010 1299 1108 1375 iguem

267 1377 367 1434 Durus
380 1377 478 1434 umor?
498 1393 604 1450 nempe
618 1374 743 1450 abruptis
756 1374 867 1432 turbata
878 1375 1012 1450 procellis

267 1455 365 1514 Nocte
378 1461 456 1512 natet
468 1453 548 1510 ceci
562 1470 640 1509 serus
652 1451 740 1510 freta:
761 1469 846 1527 quem
860 1471 945 1528 super
958 1454 1060 1530 ingens
1175 1461 1232 1516 260

268 1532 357 1592 Porta
370 1539 448 1590 tonat
461 1531 535 1606 coeli,
550 1538 580 1588 et
591 1529 715 1606 scopulis
728 1530 803 1588 illisa
815 1530 970 1590 reclament

268 1613 418 1689 AEquora3
439 1629 493 1668 nec
507 1609 602 1667 miseri
615 1616 735 1687 possunt
746 1627 880 1668 revocare
892 1618 1033 1687 parentes,

269 1691 336 1751 Nec
349 1690 483 1748 moritura
495 1707 582 1765 super
594 1688 703 1746 crudeli
716 1688 816 1746 funere
828 1688 917 1764 virgo.

309 1768 390 1841 Quid
403 1767 500 1845 lynces
513 1767 623 1826 Bncchi
636 1767 731 1843 varie,
745 1775 775 1828 ct
787 1785 877 1843 genus
891 1787 957 1826 aare
969 1767 1110 1846 luporum,

268 1850 368 1926 Atque
382 1849 507 1906 canum?
526 1846 607 1924 quid,
621 1865 685 1923 que
699 1845 830 1905 imbelles
844 1847 912 1905 deut
924 1847 1025 1923 proelia
1036 1848 1136 1908 cervi?
1174 1854 1232 1908 200

271 1927 390 1986 Scilicet
402 1935 466 1985 ente
480 1945 580 1985 omnes
592 1925 669 1983 furor
682 1934 725 1985 est
737 1925 857 2001 insignis
870 1944 1026 2002 equarum:
1053 1946 1055 1952 ⁴

270 2006 312 2066 Et
324 2015 449 2065 mentem
461 2005 563 2064 Venus
576 2005 639 2082 ipss
651 2005 738 2080 dedit,
752 2023 809 2080 quo
822 2012 950 2082 tempore
964 2003 1069 2065 Glauci

270 2084 424 2144 Potniades
438 2084 518 2143 malis
532 2083 660 2142 membru
671 2080 855 2160 absumpsere
868 2083 1019 2162 quadrigis.

271 2163 339 2224 lllns
353 2164 432 2223 ducit
444 2183 522 2222 amor
534 2171 610 2222 trans
624 2163 757 2239 Gargara,
768 2171 900 2238 transque
914 2171 1062 2222 sonantem

270 2243 445 2316 Ascanium3
467 2250 603 2320 superent
616 2252 736 2316 montes,
750 2253 781 2300 et
793 2241 912 2300 flumine
924 2249 1052 2303 hunam:
1069 2252 1075 2273 ⁰
1175 2245 1233 2302 270
1245 2283 1248 2290 ,

269 2319 416 2382 Continui)
437 2340 473 2379 ue
486 2322 576 2380 avidis
589 2321 639 2379 ubi
653 2321 772 2400 subdite
778 2321 892 2380 flamma
905 2320 1088 2398 medullisque
1098 2345 1121 2376 ι.
1136 2339 1159 2376 ,·.·
1230 2338 1235 2376 ,τ
1289 2354 1296 2363 =

271 2401 349 2460 Vere
363 2341 462 2478 megs,
476 2401 543 2478 quia
554 2419 621 2458 rere
634 2401 710 2458 calor
722 2400 796 2458 redit
807 2399 929 2476 ossibus,
943 2399 1000 2458 ille
1185 2432 1190 2446 ·
1204 2425 1222 2440 ··
1238 2429 1243 2436 ·
1261 2405 1275 2432 “

273 2479 331 2538 Ore
343 2499 442 2539 omnes
455 2499 545 2538 verse
559 2479 589 2538 in
602 2479 770 2556 Zephyrum
785 2487 860 2538 stant
872 2479 990 2556 rupibus
1003 2479 1076 2556 altis,

273 2558 490 2637 Exceptantque
503 2559 582 2618 leves
595 2577 694 2632 auras,
716 2566 745 2616 et
758 2555 845 2636 sepe,
860 2557 922 2619 sine
937 2558 1002 2618 ullis

272 2637 430 2716 conjugiis,
444 2644 529 2696 vento
542 2636 664 2713 grevidae
682 2635 825 2714 (mirabile
838 2638 916 2696 dictu
925 2635 949 2716 !)
1174 2639 1233 2696 270

156 2747 162 2759 ·
272 2715 350 2774 saxa
362 2735 414 2794 per
426 2724 455 2774 et
468 2714 604 2792 scopulos
615 2723 644 2773 et
657 2717 804 2792 depressas
818 2714 963 2774 convalles

207 2810 216 2825 ··
273 2793 444 2870 Diffugiunt,
458 2813 525 2869 non,
539 2793 629 2867 Eure,
643 2802 714 2868 tuos,
729 2813 823 2871 neque
836 2793 903 2852 solis
917 2789 953 2852 cd
966 2801 1054 2871 ortus,

274 2873 309 2931 ln
322 2874 455 2948 Boream,
469 2872 662 2947 Scaurumque,
677 2880 725 2930 aut
737 2873 813 2930 unde
825 2872 994 2948 nigerrimus
1006 2874 1112 2932 Auster

276 2951 417 3028 Nascitur,
431 2959 461 3010 et
472 2949 571 3030 pluvio
585 2951 729 3008 contristet
740 2949 842 3025 frigore
856 2948 969 3009 coelum.
1312 3015 1316 3024 x

273 3029 332 3089 Hic
345 3031 469 3106 demum,
483 3031 669 3107 hippomanes
681 3047 749 3088 vero
763 3029 839 3106 quod
851 3029 967 3090 nomine
979 3029 1080 3090 dicunt
1174 3033 1231 3090 280

272 3107 412 3186 Pastores,
426 3109 533 3168 lentum
548 3107 670 3167 destillet
683 3108 718 3167 ab
732 3108 849 3183 inguine
861 3109 955 3167 virus:

273 3188 478 3267 Hippomanes,
492 3188 570 3266 quod
582 3183 658 3264 saepd
672 3187 754 3246 male
768 3185 863 3264 legere
876 3207 1016 3266 noverce,

273 3267 509 3346 Miscueruntque
521 3265 632 3341 herbos,
647 3275 676 3325 et
688 3285 745 3326 non
759 3267 876 3326 innoxie
887 3267 982 3327 verba

275 3345 332 3404 Sed
345 3347 416 3423 fugit
428 3349 544 3421 interea,
558 3344 629 3420 fugit
641 3344 819 3422 irreparabile
832 3355 954 3424 tempus,

275 3423 393 3500 Singula
405 3426 473 3483 dum
487 3424 561 3501 capti
574 3424 826 3482 circumvectamur
838 3444 941 3484 cmore.
1173 3427 1233 3486 Ν

311 3499 378 3562 Hoc
391 3501 458 3562 setis
471 3503 612 3561 armentis.
654 3501 775 3578 Superat
787 3522 851 3579 pars
865 3503 951 3562 altere
962 3516 1048 3582 cum,

275 3581 427 3658 Lanigeros
441 3582 545 3658 agiture
557 3599 657 3656 greges
670 3578 814 3658 hirtasque
826 3582 965 3659 capellas:

275 3658 333 3718 Hic
347 3659 442 3734 lebor3
463 3661 531 3718 hinc
543 3659 658 3717 laudem
670 3657 756 3718 lortcs
768 3669 879 3737 sperate
892 3659 994 3720 coloni.

248 3759 252 3768 ·
276 3738 340 3798 Nec
354 3758 416 3798 sum
432 3739 518 3796 animi
532 3738 635 3797 dubius
648 3737 743 3796 verbis
756 3757 790 3796 ea
802 3740 916 3798 vincere
930 3757 1063 3816 magnum

277 3815 371 3888 Qudne
385 3817 429 3888 sit,
444 3826 473 3876 et
485 3817 611 3891 arguistis
620 3815 696 3876 hunc
710 3817 814 3875 addere
827 3817 911 3876 rebus
924 3819 1069 3877 bonorem.
1173 3821 1231 3878 tim

274 3895 335 3955 Sed
348 3916 393 3955 me
406 3896 537 3955 Pcrnassi
551 3896 661 3954 deserta
672 3914 724 3973 per
736 3896 822 3955 ardua
835 3897 924 3956 dulcis
