2712 4488
489 453 599 508 ursus
617 413 693 510 v'm.

119 597 190 658 Ossa
202 617 287 677 super
299 599 435 658 recubans
446 607 523 658 antro
537 617 645 658 semesa
658 608 783 660 cruento.
850 611 852 622 ’

118 677 181 735 Nec
194 685 222 735 te
235 678 301 750 ullae
313 678 410 753 tocies,
422 697 480 739 non
494 679 591 736 terruit
603 685 663 754 ipse
677 679 833 756 Typhoeus

118 755 240 832 Arduus,
255 775 331 814 arma
343 767 462 829 tenens3
483 764 583 814 non'tc
595 757 708 815 rationis
721 765 853 832 egentem

1 845 2 862 ¹
118 833 253 898 Lemaeusv
264 835 345 892 turbt
359 836 482 911 capitum
495 834 678 893 circumstetit
691 836 797 910 anguis.
1015 834 1070 892 300

120 911 212 987 Salve,
225 931 292 970 vera
302 912 381 971 Jovis
394 913 496 991 proles,
510 913 597 972 decus
611 913 808 972 addite-divis:

120 989 158 1048 Et
170 1008 222 1047 nos
236 998 264 1049 et
276 999 324 1049 tua
335 991 435 1050 dexter
448 992 494 1049 adi
507 992 579 1067 pede
594 1009 671 1049 sacre
683 992 816 1050 secundo.

119 1067 199 1124 Talia
211 1068 379 1127 carminibus
393 1069 552 1128 celebrant:
574 1071 765 1146 superomnia
778 1069 848 1128 Caci

120 1146 287 1222 Speluncam
301 1147 445 1226 adjicimt,
459 1149 667 1225 spirantemque
680 1148 793 1224 ignibus
806 1149 908 1226 ipsum.

119 1223 262 1298 Consonat
274 1243 358 1283 omne
371 1245 473 1284 nemus
485 1226 614 1302 strepitu,
628 1227 770 1302 collesque
784 1227 926 1286 resultant·
1014 1227 1071 1282 305

155 1302 233 1360 Exin
247 1321 277 1360 se
291 1305 386 1362 cuncti
399 1304 502 1366 divinis
515 1305 598 1362 rebus
611 1304 646 1361 ad
659 1304 758 1363 urbem

36 1402 38 1406 ·
118 1380 252 1438 Perfectis
265 1379 396 1440 referunt.
438 1381 501 1439 lbat
512 1401 563 1439 rex
576 1382 683 1440 obsitus
697 1401 768 1458 aevo,

118 1459 157 1517 Et
169 1459 301 1518 comitem
315 1460 428 1518 AEnean
438 1456 522 1536 juxti
535 1467 687 1535 natumque
700 1460 815 1519 tenebat
913 1489 914 1492 ¹

92 1559 95 1566 ’
120 1536 292 1612 Ingrediens,
306 1537 439 1611 varioque
451 1536 526 1592 viam
540 1555 669 1592 sermone
682 1537 803 1596 levabat.

76 1642 79 1650 ·
118 1615 246 1689 Miratur,
261 1613 413 1691 facilesque
426 1612 522 1676 oculos
535 1613 589 1671 lert
600 1613 695 1671 omnia
707 1615 829 1692 circum,
1014 1617 1071 1672 31⁰

118 1693 234 1767 Eneca,
248 1693 411 1770 capiturque
424 1692 510 1763 locis3
521 1698 560 1748 vet
572 1691 683 1766 singule
694 1693 776 1752 laetus

118 1771 305 1847 Exquiritque
319 1772 452 1847 auditque
464 1769 556 1829 virum
569 1780 753 1830 monumenta
764 1771 896 1849 priorum.

118 1849 196 1908 Tum
207 1869 257 1906 rex
270 1850 429 1924 Evandrus,
443 1849 580 1908 Romenae
594 1849 720 1907 conditor
733 1852 822 1908 arcis:

118 1928 190 1987 Haec
204 1947 319 1985 nemora
330 1929 471 2004 indigena
485 1927 577 1986 Fauni
590 1927 793 2004 Nymphaeque
806 1927 950 2004 tenebant,
1108 1987 1110 1992 .

118 2007 252 2083 Gensque
265 2005 356 2064 virium
369 2006 475 2065 truncis
488 2013 518 2084 et
530 2005 600 2062 duro
614 2005 713 2065 robore
726 2016 809 2081 nata;
1014 2009 1072 2064 315

119 2085 208 2156 Queis
221 2103 315 2161 neque
328 2103 398 2160 mos,
412 2093 505 2160 neque
518 2083 611 2141 cultus
624 2091 700 2157 erat3
722 2103 775 2144 nec
785 2088 905 2164 jungere
918 2092 1020 2162 tauros,

96 2209 97 2212 ,
117 2165 175 2221 alut
188 2181 356 2240 componere
370 2181 440 2240 opes
452 2160 561 2235 nbrant,
576 2171 625 2220 aut
636 2181 751 2240 parcere
763 2173 860 2241 parto;

119 2242 176 2299 Sed
189 2241 268 2316 rami,
283 2251 366 2318 atque
379 2243 462 2318 asper
475 2240 550 2298 victu
563 2249 681 2300 venatus
695 2241 796 2301 alebat.

117 2319 229 2377 Primus
243 2321 277 2377 ab
292 2319 407 2378 retberio
419 2319 497 2377 venit
511 2318 645 2378 Saturnus
660 2320 791 2398 Olympo,
828 2383 830 2388 ,

117 2400 205 2456 Arma
215 2397 295 2458 Jovis
307 2398 426 2474 lugiens,
440 2407 472 2458 et
481 2397 574 2474 regnis
588 2399 668 2456 exsul
681 2400 829 2482 ademptis.
873 2451 881 2466 ,
1016 2404 1071 2458 320

117 2477 147 2535 Is
160 2496 249 2552 genus
262 2478 384 2536 indocile
398 2477 601 2555 ac.d·iapsrsum
615 2477 757 2536 montibus
770 2479 835 2537 altis

117 2555 294 2632 Composuit,
307 2556 440 2632 legesque
454 2556 540 2630 dedit,
555 2556 723 2632 Latiumque
737 2558 832 2615 vocari

117 2633 232 2708 Maluit,
245 2634 290 2691 his
304 2634 436 2710 quoniam
449 2633 576 2700 latuisset
588 2641 664 2691 tutus
677 2635 706 2691 in
721 2636 785 2693 oris.

117 2715 288 2788 Aureaque
302 2711 461 2788 perhibent,
474 2711 523 2768 illo
536 2711 588 2769 sub
602 2730 668 2788 rege
680 2711 794 2770 luerunt

119 2790 248 2862 Saecula3
270 2789 311 2846 sic
323 2788 433 2865 placida
446 2789 565 2864 populos
578 2789 608 2844 in
621 2807 691 2863 pace
705 2790 840 2864 regebat:
1017 2793 1073 2847 325

118 2867 248 2926 Deterior
261 2867 351 2925 donec
364 2865 498 2942 paulatim
512 2884 544 2922 ac
555 2865 670 2923 decolor
683 2875 759 2940 etus,
884 2887 885 2893 ¹

119 2947 160 3004 Et
172 2945 240 3003 belli
253 2944 354 3020 rabies,
367 2952 396 3002 et
409 2962 486 3004 amor
498 2943 636 3000 successit
647 2943 780 3002 babendi.

119 3025 195 3081 Tum
209 3027 308 3082 marius
321 3021 449 3081 Ausonia
462 3029 491 3080 et
503 3029 601 3096 gentes
614 3019 718 3079 vendre
733 3021 863 3095 Sicanae3

121 3100 231 3180 Saepiirs
245 3109 274 3160 et
286 3119 389 3160 nomen
402 3100 497 3176 posuit
511 3099 640 3158 Saturnia
651 3099 753 3160 tellus:

119 3182 197 3238 Tum
211 3199 301 3256 reges,
316 3197 451 3256 asperque
465 3177 581 3240 immani
594 3197 708 3254 corpore
722 3176 836 3254 Tybris,
1019 3181 1075 3236 330

122 3262 147 3318 Α
161 3279 217 3336 quo
230 3257 295 3336 pbst
308 3258 371 3317 ltali
384 3257 501 3316 fluvium
515 3258 683 3332 cognomine
696 3255 815 3334 Tybrim
886 3325 888 3329 Ι
953 3271 957 3280 ’

120 3338 275 3410 Diximus3
296 3337 389 3395 amisit
399 3355 496 3397 verum
510 3345 590 3394 vetus
604 3335 709 3394 Albula
720 3354 836 3393 nomen.

120 3416 174 3474 Me
185 3414 299 3494 pulsum
312 3416 411 3492 patriti,
424 3414 570 3492 pelagique
584 3424 710 3473 extrema
723 3421 900 3490 sequentem,
972 3479 976 3490 ,

120 3494 249 3551 Fortuna
261 3494 437 3570 omnipotens
451 3500 479 3550 et
491 3492 670 3551 ineluctabile
681 3492 769 3551 latum

121 3572 178 3629 His
191 3569 311 3647 posuere
323 3571 403 3643 locis,
417 3571 568 3646 matrisque
581 3567 664 3645 egere
677 3570 827 3628 tremenda*
1002 3607 1004 3615 ,
1021 3573 1077 3626 335

6 3653 8 3656 ’
121 3650 283 3710 Carmentis
296 3648 438 3724 Nymphae
451 3649 565 3722 monita,
580 3655 609 3706 ot
621 3649 690 3706 deus
703 3658 802 3730 {ructor¹
809 3645 923 3724 Apollo.

162 3727 223 3785 Vix
236 3745 270 3784 ea
283 3727 373 3798 dicta3
394 3725 497 3784 dehinc
510 3744 672 3802 progressus
686 3735 822 3784 monstrat
835 3733 865 3785 et
876 3743 962 3801 mam,

42 3867 45 3874 ,
122 3806 165 3865 Et
177 3804 382 3864 Carmentalem
391 3805 526 3862 Romano
540 3803 652 3862 nomine
665 3814 771 3879 portam
1021 3861 1023 3868 4

123 3885 219 3954 Quam
233 3889 395 3956 memorant,
409 3877 550 3957 Nympha
564 3882 687 3957 priscum
701 3880 860 3940 Carmentis
873 3879 1019 3956 honorem,

122 3962 207 4021 Vatis
219 3961 348 4037 fatidicae,
363 3960 465 4018 cecinit
477 3979 539 4036 que
552 3959 643 4036 prima
654 3958 760 4016 futuros
1021 3963 1080 4020 340
