3128 4456
646 357 759 452 arnan
778 396 828 452 111.
1186 399 1221 453 ιι

252 546 314 604 Aut
328 545 383 604 aris
396 563 507 604 servare
521 565 624 622 sacros,
640 555 687 605 aut
700 547 830 604 scindere
844 556 955 624 terram,
1166 553 1220 606 160

252 623 295 682 Et
307 643 441 701 campum
454 623 616 684 horrentem
629 625 744 684 fractis
736 634 876 684 invertere
890 627 997 703 glebis:

253 704 369 761 Caetera
380 711 534 780 pascuntur
546 705 651 762 virides
665 713 791 762 armenta
803 721 855 782 per
867 705 978 764 herbas.

253 782 301 840 Tu
316 801 386 858 quos
401 782 437 840 ad
450 783 573 842 studium
588 792 671 861 atque
686 803 767 841 usum
781 783 914 844 formabis
928 791 1079 862 agrestem,

215 861 221 876 '
252 861 269 919 J
272 880 320 918 am
334 861 437 920 vitulos
450 861 562 920 hortare
563 863 719 938 ,viamque
731 862 829 920 insiste
846 863 989 939 domandi,

253 940 335 998 Dum
348 937 446 998 faciles
459 940 547 998 animi
555 944 715 1034 juvenum,
720 941 788 998 dum
802 942 914 1001 mobilis
928 952 1006 1002 aetas
1166 945 1220 1000 les

252 1018 300 1077 Ac
314 1015 437 1110 primum
450 1019 532 1077 laxos
546 1021 625 1078 tenui
639 1022 674 1079 de
688 1020 796 1078 vimine
809 1020 911 1078 circlos

253 1097 371 1157 Cervici
384 1097 537 1172 subnecte,
557 1099 674 1192 dehinc,
688 1099 739 1157 ubi
751 1099 841 1156 libera
853 1100 927 1159 colla

253 1177 379 1235 Servitio
393 1175 563 1254 assuerim,
555 1179 624 1256 rpsis
638 1198 655 1236 e
669 1178 815 1255 torquibus
829 1188 909 1273 aptos

251 1255 348 1332 Junge
361 1273 452 1350 pares,
467 1265 497 1315 et
510 1275 580 1352 coge
594 1259 711 1332 gradum
726 1257 876 1316 conterre
864 1277 1023 1337 Juvenc0s;

252 1337 350 1412 Atque
364 1335 443 1392 1111ι
430 1355 491 1412 Jam
505 1332 582 1410 saepe
597 1343 665 1393 rotae
680 1336 838 1393 ducantur
825 1355 930 1395 manes
1165 1336 1224 1394 17⁰

253 1414 312 1472 Per
325 1423 436 1488 terram,
452 1421 481 1471 et
494 1432 606 1470 summo
619 1414 739 1489 vestigia
751 1413 869 1490 pulvere
883 1416 1004 1506 signent.

231 1509 236 1518 ·
253 1491 326 1552 Pdst
339 1491 433 1550 valido
446 1491 541 1550 nitens
554 1491 607 1548 sub
620 1493 747 1568 pondere
760 1491 870 1567 faginus
885 1493 946 1551 axis

255 1571 405 1648 instrepat,
420 1578 449 1628 et
457 1572 573 1662 junctos
586 1578 662 1629 temo
675 1571 768 1629 trahet
775 1589 871 1663 aereus
884 1571 976 1629 orbes.

253 1650 370 1708 Interea
381 1649 451 1727 pubi
464 1649 609 1709 indomitae
624 1669 681 1706 non
695 1650 822 1726 gramina
835 1648 955 1726 tanturn,

254 1729 286 1787 N
287 1747 321 1786 ec
334 1747 433 1787 vescas
447 1728 566 1788 salicum
580 1729 705 1804 frondes,
716 1729 871 1814 ulvamque
883 1729 1048 1806 palustrem,
1168 1731 1222 1785 rte

256 1807 315 1866 Sed
328 1807 468 1866 frumenta
482 1827 566 1866 manu
581 1826 679 1885 carpes
694 1817 772 1866 sate:
793 1826 847 1866 nec
860 1808 913 1866 tibi
925 1808 1011 1883 soetoe,

215 1915 218 1924 Δ
254 1887 340 1946 More
353 1894 473 1964 patrum,
488 1887 573 1945 nivea
585 1887 752 1962 implebunt
758 1886 918 1944 mulctraria
930 1905 1046 1960 vaccae;

257 1966 316 2024 Sed
329 1973 389 2025 tota
401 1965 431 2023 in
445 1965 543 2023 dulces
558 1975 727 2024 consument
740 1965 828 2022 ubera
841 1973 931 2023 natos.

296 2044 349 2103 Sin
363 2044 399 2102 ad
408 2043 489 2102 bella
500 2040 592 2136 magis
606 2044 740 2120 studium,
754 2051 919 2121 turmasque
932 2044 1051 2119 seroces,

259 2130 321 2186 Aut
334 2126 446 2216 Alphea
459 2124 527 2183 rotis
540 2124 654 2200 prelabi
668 2123 784 2182 flumina
797 2123 880 2198 Pisae,

259 2205 297 2264 Et
310 2205 408 2264 Jovis'
401 2223 430 2262 m
443 2204 508 2261 luco
522 2221 621 2260 currus
636 2203 741 2278 agitare
755 2202 899 2273 volantes3

259 2283 371 2343 Primus
384 2299 449 2358 equr
441 2282 538 2340 'labor
551 2291 594 2339 est
608 2280 715 2338 animos
729 2291 811 2355 atque
827 2297 904 2338 arma
917 2281 1011 2340 videre

259 2362 418 2421 Bellanthm
421 2361 580 2435 ,lituosque
594 2358 660 2434 pati,
675 2369 823 2433 tractuque
837 2369 997 2435 gementem

259 2441 347 2499 Ferre
361 2451 459 2512 rotam,
473 2450 501 2498 et
514 2438 624 2503 stabulo
637 2437 737 2495 fraenos
752 2438 849 2496 audire
863 2449 1005 2511 sonantes,

260 2520 337 2577 Tum
352 2516 441 2595 magis
455 2529 537 2593 atque
551 2513 647 2605 magis·
655 2515 766 2574 blandis
779 2518 904 2608 gaudere
917 2517 1041 2593 magistri

259 2597 415 2669 Laudibus,
426 2607 455 2654 et
468 2597 573 2671 plausa
587 2594 709 2653 sonitum
723 2595 841 2656 cervicis
855 2615 957 2654 amare

260 2676 355 2751 Atque
371 2675 452 2732 hec
441 2693 500 2750 Jarn
514 2674 603 2763 primo
616 2672 749 2748 depulsus
763 2675 798 2732 ab
812 2675 900 2732 ubere
914 2675 1010 2732 matris

260 2754 405 2825 Audeat,'
398 2771 481 2829 mque
496 2753 587 2808 vicem
602 2751 649 2807 det
663 2752 794 2809 mollibus
807 2773 855 2810 ora
869 2753 997 2828 capistris

259 2832 414 2898 Invalidus‚
429 2831 568 2918 etiamque
582 2839 716 2900 tremens,
730 2830 813 2887 etiam
824 2831 935 2888 inscius
949 2831 1008 2887 evi.

260 2914 309 2984 At,
323 2911 411 2968 tribus
425 2908 539 2979 exactis,
554 2907 602 2964 ubi
618 2917 715 2995 quarta
730 2910 880 2966 accesserit
893 2923 983 2981 estas,

260 2990 381 3065 Carpere
396 3007 460 3045 mox
473 3005 573 3064 gyrum
587 2985 711 3060 incipiat,
725 2987 912 3063 gradibusque
924 3007 1023 3046 sonare

260 3068 439 3144 Compositis,
453 3067 602 3141 sinuetque
617 3063 723 3122 alterna
734 3065 875 3123 volumina
889 3081 1012 3136 crurum,

261 3148 357 3223 Sitque
371 3146 506 3204 laboranti
521 3144 634 3213 similis3
655 3152 715 3200 tum
729 3145 858 3202 cursibus
872 3164 953 3202 auras

149 3263 150 3266 =
260 3227 336 3283 Turn
352 3237 449 3295 voeet3
471 3243 505 3282 ac
518 3242 568 3299 per
581 3232 676 3298 aperta
690 3223 794 3295 volans,
810 3243 864 3282 ceu
877 3224 947 3281 liber
961 3224 1088 3295 habenis,

260 3305 394 3380 AEquora,
409 3305 455 3361 vix
468 3303 577 3360 summa
592 3300 709 3376 vestigia
722 3315 808 3377 ponat
824 3302 919 3361 areni

259 3382 363 3444 Qualis
377 3383 567 3458 Hyperboreis
582 3379 686 3454 Aquilo
700 3398 785 3454 quum
800 3383 904 3439 densus
919 3381 1023 3438 eboris

261 3461 393 3518 incubuit
396 3459 597 3534 ,Scythiaeque
612 3458 717 3514 hiemes
732 3469 813 3548 atque
827 3459 907 3518 arida
919 3459 1011 3516 differt

261 3539 384 3596 Nubila:
405 3550 464 3594 tum
479 3549 588 3613 segetes
603 3536 665 3591 altae
679 3538 825 3611 campique
840 3548 969 3595 natantes

261 3618 385 3675 Lenibus
399 3617 564 3674 horrescunt
578 3613 672 3670 flabris
675 3631 867 3691 ,summaque
882 3634 1009 3673 sonorem

261 3697 338 3754 Dant
351 3695 436 3764 silve,
450 3694 581 3770 longique
595 3701 696 3766 urgent
711 3692 746 3748 ad
760 3693 853 3750 littora
867 3694 988 3750 fluctus:
1156 3689 1216 3751 20⁰

261 3773 313 3832 Ille
327 3774 407 3842 volat,
422 3773 503 3830 simul
519 3791 583 3828 arva
596 3771 673 3846 luga,
687 3769 769 3828 simul
784 3791 895 3847 equora
908 3790 1028 3828 verrens.

300 3853 357 3910 Hie
371 3852 414 3909 rel
427 3851 462 3907 ad
476 3849 538 3906 Elei
553 3861 641 3906 metas
654 3859 683 3904 et
696 3851 818 3906 maxima
832 3849 924 3922 campi

263 3930 381 3990 Sudabit
394 3929 493 4007 spatia,
506 3936 535 3983 et
549 3944 663 4002 spumas
676 3936 740 4000 aget
753 3945 801 3984 ore
815 3937 965 3995 cruentas3
