2712 4488
220 523 273 580 aar
612 525 790 604 manicos

260 674 406 734 Ooelicolae
420 676 526 752 magni,
540 676 684 754 quianam
698 678 839 736 sententia
851 677 933 737 vobis

222 753 312 812 Versa
325 763 408 830 retro,
423 753 589 832 tantumque
603 756 704 814 animis
717 756 829 814 certatis
843 757 969 834 iniquis?
1067 791 1070 796 ·

219 833 384 890 Abnueram
400 833 474 891 bello
489 833 599 892 ltaliam
614 853 780 892 concurrere
794 835 929 893 Teucris:

221 911 295 982 Quae
309 922 407 970 contra
419 913 539 971 vetitum
552 912 711 971 discordia?
732 914 797 990 quis
811 923 903 972 metus
918 923 967 974 sut
979 913 1032 973 hos

219 992 279 1049 Aut
291 991 343 1050 hos
358 1010 435 1049 arma
448 993 528 1068 sequi
540 991 705 1068 ferrumque
719 981 857 1050 lacessere
871 994 979 1052 suasit?
1153 999 1191 1052 10

218 1070 363 1128 Adveniet
372 1073 482 1148 justum
495 1089 607 1146 pugnae,
621 1089 657 1127 nc
672 1072 814 1146 arcessite,
829 1078 952 1148 tempus,

220 1148 318 1220 Quum
334 1149 393 1207 sera
407 1149 548 1224 Carthago
562 1149 701 1207 Romanis
715 1150 826 1208 arcibus
839 1149 908 1208 olim

218 1227 498 1303 Exitiummagnum
512 1235 596 1304 atque
607 1227 696 1304 Alpes
709 1229 842 1287 immittet
855 1237 973 1305 apertas.

218 1306 294 1364 Tum
308 1315 414 1364 certare
428 1307 510 1381 odiis,
525 1315 586 1366 tum
600 1325 645 1364 res
658 1308 786 1385 rapuisse
800 1307 914 1366 licebit:

222 1385 305 1442 Nunc
320 1385 420 1458 sinite;
443 1393 472 1444 et
484 1385 620 1463 placitum
634 1385 694 1444 laeti
707 1386 869 1463 componite
882 1386 982 1445 landus.
1033 1419 1035 1425 ι
1153 1391 1191 1444 15

256 1463 368 1540 Jupiter
382 1463 444 1522 haec
457 1465 573 1541 paucis3
595 1473 624 1524 at
636 1485 694 1523 non
708 1465 809 1524 Venus
823 1483 908 1524 aurea
921 1463 1019 1524 contri

218 1541 315 1601 Pauca
328 1541 429 1601 refert:
727 1589 729 1595 .

219 1620 244 1678 O
258 1630 347 1699 pater,
362 1641 379 1679 o
392 1621 540 1680 hominum
554 1621 711 1701 divumque
726 1633 832 1682 aeterna
843 1631 978 1701 potestas,

217 1699 352 1775 Namque
367 1700 444 1758 aliud
458 1701 527 1777 quid
541 1701 577 1759 sit
590 1702 665 1777 quod
675 1703 736 1779 jam
749 1702 900 1780 implorare
914 1703 1071 1780 queamus?

218 1779 319 1836 Cernis
333 1788 365 1838 ut
377 1780 513 1838 insultent
525 1780 636 1853 Rutuli,
650 1780 822 1856 Turnusque
835 1781 940 1840 seratur
1151 1785 1191 1838 20
1207 1777 1211 1782 ’
1284 1771 1296 1831 ι’

218 1858 275 1915 Per
288 1859 397 1918 medios
411 1859 530 1933 insignis
545 1858 634 1934 equis,
649 1859 830 1936 tumidusque
844 1860 968 1918 secundo

217 1937 312 1994 Marte
326 1946 404 1995 ruat:
426 1956 484 1994 non
498 1935 593 1994 clausa
607 1945 707 2013 tegunt
716 1940 777 2016 jam
788 1938 894 1996 moenia
909 1939 1057 2011 Teucros;

219 2015 297 2086 Quin
312 2016 384 2074 intra
396 2025 491 2093 portas
505 2023 590 2094 atque
603 2016 672 2094 ipsis
685 2017 784 2093 proelia
797 2017 918 2076 miscent

218 2095 377 2172 Aggeribus
391 2115 535 2154 murorum
546 2115 554 2168 3
576 2105 605 2154 et
618 2096 757 2155 inundant
769 2096 907 2172 sanguine
920 2096 1016 2155 losse.¹

217 2175 328 2232 AEneas
341 2175 455 2250 ignarus
469 2175 557 2234 abest.
598 2175 792 2251 Nunquamne
805 2175 894 2234 levari
1152 2178 1191 2232 25

220 2253 377 2312 Obsidione
391 2253 487 2312 sines?
508 2253 595 2311 muris
608 2255 710 2312 iterum
725 2255 855 2313 imminet
866 2254 956 2313 bostis

218 2332 372 2391 Nascentis
386 2332 499 2410 Trojae3
521 2349 646 2390 necnon
660 2333 802 2391 exercitus
816 2333 894 2408 alter,

218 2413 315 2485 Atque
328 2410 430 2477 iterum
445 2412 474 2468 in
488 2410 617 2481 Teucros
631 2411 734 2468 AEtolis
748 2412 836 2487 surgit
849 2411 884 2468 ab
897 2411 982 2488 Arpis

219 2489 355 2564 Tydides.
398 2489 552 2564 Equidem,
566 2490 662 2562 credo,
675 2507 740 2546 mea
752 2489 871 2548 vulnera
884 2496 1008 2562 restant;

220 2567 260 2624 Et
273 2576 322 2626 tua
334 2568 484 2645 progenies
498 2567 626 2624 mortalia
639 2569 769 2625 demoror
782 2587 868 2625 arma.
1153 2573 1192 2626 30

222 2647 252 2704 Si
267 2647 328 2705 sine
342 2666 415 2724 pace
429 2646 479 2704 tud
493 2653 577 2722 atque
587 2646 675 2704 invito
689 2647 806 2704 nurnine
819 2647 911 2706 Troes

222 2725 332 2783 Italiam
347 2723 466 2803 petiere,
480 2725 560 2783 luant
572 2735 706 2802 peccata,
727 2744 820 2803 neque
833 2725 897 2783 illos

219 2806 332 2864 Juvcris
347 2805 469 2864 auxilio:
492 2805 535 2863 sin
549 2812 591 2863 tot
604 2824 740 2882 responsa
753 2805 853 2881 secuti,
880 2831 884 2840 ·

222 2885 296 2956 Quae
312 2886 415 2964 Superi
428 2885 589 2960 Manesque
603 2884 717 2960 dabant,
726 2904 782 2943 -cur
794 2904 872 2943 nunc
885 2892 935 2943 tua
947 2884 1096 2962 quisquam

221 2965 341 3042 Vertere
352 2968 433 3045 jussa
445 2966 559 3041 potest?
582 2973 629 3022 aut
642 2984 693 3023 cur
706 2985 780 3023 nova
793 2965 916 3023 condere
928 2964 1007 3023 lata?
1096 2997 1097 3002 κ
1154 2968 1192 3021 35

223 3044 301 3115 Quid
312 3053 439 3122 repetam
454 3054 569 3103 exustas
583 3043 714 3120 Erycino·
724 3045 754 3101 in
768 3043 860 3103 littore
874 3044 1001 3102 classes?

224 3125 301 3194 Quid
315 3131 515 3201 tempestatum
530 3141 626 3198 regem
639 3133 795 3198 ventosque
809 3123 933 3181 furentes

223 3203 318 3259 AEolia
333 3203 464 3260 excitos?
486 3210 535 3260 out
549 3210 641 3259 actam
655 3202 778 3284 nubibqs
793 3201 881 3260 Irim?

222 3281 309 3338 Nunc
324 3281 410 3338 etiam
424 3281 527 3337 Manes
546 3279 622 3355 (haec
636 3280 774 3337 intentata
787 3279 921 3338 manebat

225 3358 291 3414 Sors
305 3358 413 3427 rernm)
432 3365 544 3429 movet;
567 3366 595 3415 et
605 3358 715 3433 superis
726 3357 852 3414 immissa
865 3355 983 3431 repente
1152 3363 1191 3415 ¹10

225 3435 346 3509 Allecto,
361 3435 469 3492 medias
483 3435 587 3493 Italum
600 3433 738 3492 bacchata
750 3452 801 3510 per
813 3434 906 3492 urbes.

224 3513 276 3573 Nil
290 3531 376 3589 super
388 3514 508 3589 imperio
522 3528 653 3570 moveor:
676 3511 851 3589 speravimus
864 3513 927 3588 ista,

225 3593 303 3652 Dum
316 3591 429 3650 fortuna
442 3591 513 3664 fuit3
534 3591 658 3665 vincant,
672 3609 742 3668 quos
756 3591 872 3650 vincere
886 3593 985 3667 mavia,

227 3671 259 3731 Si
272 3670 349 3729 nulla
363 3679 407 3729 est
419 3670 497 3745 regio
510 3671 631 3727 Teucris
645 3689 730 3746 quarn
744 3670 793 3729 det
806 3679 855 3728 tua
868 3673 974 3750 conjux
1060 3687 1062 3695 ·

227 3754 324 3824 Dura;
346 3770 396 3828 per
410 3765 527 3828 eversa,
541 3748 660 3825 genitor,
674 3749 811 3807 fumantia
824 3749 922 3828 Trojae
1155 3753 1194 3809 45

227 3831 351 3889 Excidio
364 3829 497 3903 obtestor,
512 3828 597 3886 liceat
611 3829 750 3886 dimittere
765 3828 799 3886 ab
814 3829 899 3887 armis
1012 3897 1017 3908 ·

229 3911 407 3968 Incolumem
422 3909 586 3980 Ascanium,
601 3907 685 3964 liceat
698 3925 845 3983 superesse
858 3908 1001 3985 nepotem.

229 3987 336 4046 AEneas
348 3987 447 4065 procul
460 3985 564 4060 ignotis
574 3986 696 4062 jactetur
710 3987 738 4041 iu
753 3985 818 4058 oris,

230 4066 270 4125 Et
283 4084 493 4143 quamcumque
506 4064 581 4122 viam
597 4063 705 4121 dederit
719 4062 829 4119 fortuna
842 4070 993 4138 sequatur:
