2712 4488
196 497 249 554 264
588 495 765 552 AENEIDOS

197 644 269 702 lnde
282 643 358 702 aliud
372 641 458 722 super
472 651 556 722 etque
570 643 647 704 aliud
661 645 788 722 figitque,
801 627 934 723 volatque

197 723 309 798 Ingenti
322 741 407 798 gyro3
428 723 479 782 sed
492 723 613 783 sustinet
626 742 727 782 aureus
740 724 834 784 umbo.

195 801 255 857 Ter
268 802 374 858 circum
388 801 544 860 adstantem
557 801 644 860 laevos
659 795 835 878 equitavit'in
849 801 941 877 orbes,

195 879 269 936 Tela
282 898 367 937 manu
376 880 506 958 jaciens3
526 888 570 938 ter
583 899 680 938 secum
694 881 798 938 Troius
811 879 894 938 beros

195 957 357 1014 immanem
372 966 457 1016 aerato
471 957 631 1015 circumfert
644 957 769 1032 tegmine
783 957 892 1015 silvam.

195 1035 267 1093 Inde
280 1035 330 1093 ubi
340 1043 382 1095 tot
395 1035 511 1094 traxisse
526 1054 626 1108 moras,
641 1043 682 1092 tot
695 1035 804 1110 spicula
816 1036 903 1094 tedet

194 1113 319 1190 Vellere,
334 1123 363 1172 et
374 1122 489 1188 urgetur
500 1112 597 1190 pugni
611 1129 777 1188 congressus
790 1114 911 1190 iniqui,

195 1191 289 1250 Multa
302 1211 419 1250 movens
433 1191 537 1264 animo,
547 1192 608 1268 jam
621 1191 735 1249 tandem
749 1192 879 1268 erumpit,
894 1200 923 1251 et
935 1193 1008 1252 inter

195 1269 344 1328 Bellatoris
357 1270 423 1345 equi
437 1275 506 1326 cava
519 1275 645 1344 tempora
658 1269 773 1347 conjicit
785 1269 904 1328 hastam.

195 1349 283 1407 Tollit
296 1367 326 1406 se
341 1355 478 1405 arrectum
492 1347 661 1424 quadrupes,
676 1356 704 1406 et
716 1346 840 1406 culcibus
854 1367 935 1408 auras

194 1426 344 1502 Verberat,
360 1425 537 1502 effusumque
551 1427 677 1502 equitem
691 1422 775 1503 super
788 1426 850 1502 ipse
863 1435 976 1486 secutus

196 1505 240 1562 lm
259 1504 334 1580 licet,
349 1506 497 1582 ejectoque
510 1503 649 1562 incumbit
661 1523 781 1562 cernuus
795 1525 881 1564 armo.

233 1525 364 1641 dlamore
377 1583 534 1641 incendunt
548 1583 650 1641 coelum
663 1583 811 1659 Troesque
821 1584 981 1662 Latinique.

194 1661 317 1720 Advolat
327 1654 445 1736 AEneas,
458 1661 617 1738 vaginique
631 1661 714 1738 eripit
726 1681 841 1736 ensem3

195 1739 234 1798 Et
248 1740 406 1818 superhaec
419 1760 426 1796 :
448 1739 508 1799 Ubi
520 1757 596 1797 nunc
609 1739 773 1798 Mezentius
787 1759 859 1816 acer,
874 1748 903 1800 et
914 1739 964 1798 illa

195 1817 292 1876 Effera
304 1819 347 1876 vis
361 1817 469 1876 animi?
491 1813 597 1875 Contrd
610 1817 785 1893 Tyrrhenus,
799 1827 831 1876 ut
844 1838 924 1877 auras

195 1897 359 1974 Suspiciens
372 1896 466 1954 hausit
479 1895 592 1970 coelum,
604 1904 785 1972 mentemque
798 1898 923 1974 recepit:

195 1976 294 2034 Hostis
309 1994 413 2050 emere,
428 1973 496 2051 quid
511 1973 671 2050 increpitas,
685 1983 860 2052 mortemque
874 1971 988 2034 minaris
999 1977 1018 2032 ἓ·

194 2055 314 2114 Nullum
328 2053 357 2111 in
371 2054 450 2112 caede
463 2051 558 2112 nefas:
579 2071 633 2110 nec
647 2054 688 2111 sic
699 2055 737 2126 ¹ad
750 2055 849 2130 proelia
861 2055 937 2130 veni,

195 2133 259 2192 Nec
272 2141 366 2191 tecum
379 2152 460 2190 meus
472 2131 536 2190 haec
549 2132 657 2208 pepigit
669 2132 740 2200 mihi
752 2133 859 2192 foedera
871 2135 990 2202 Lausus.

196 2212 294 2272 Unum
305 2211 369 2286 hoc,
383 2230 442 2288 per,
457 2210 482 2268 si
495 2229 551 2286 qua
564 2217 607 2270 est
619 2211 700 2270 victis
713 2213 798 2270 venia
809 2212 948 2288 hostibus,
962 2230 1020 2288 oro,

195 2289 306 2366 Corpus
320 2289 407 2347 humo
417 2289 523 2367 patiare
538 2290 612 2365 tegi:
633 2290 691 2348 scio
706 2290 806 2348 acerba
818 2310 945 2349 meorum

195 2368 383 2426 Circumstare
397 2368 479 2438 odia;
500 2366 588 2442 hunc,
603 2385 661 2441 oro,
676 2366 798 2426 deiende
811 2367 944 2443 furorem,

195 2446 236 2504 Et
249 2465 295 2503 me
309 2453 466 2521 consortem
477 2444 536 2502 nati
550 2446 676 2502 concede
690 2446 827 2522 sepulcro.
904 2479 906 2482 -

196 2524 269 2582 Haec
282 2523 413 2599 loquitur,
423 2521 587 2601 juguloque
595 2522 672 2581 baud
686 2524 791 2582 inscius
805 2523 906 2601 accipit
919 2543 1027 2601 ensem,

196 2602 378 2679 Undantique
392 2602 514 2659 animam
528 2599 661 2659 diffundit
675 2601 705 2658 in
719 2621 797 2659 arma
810 2622 919 2662 cruore.

524 2873 809 3008 'AEnmnos

471 3089 598 3147 LIBER
617 3088 875 3149 UNDECIMUS.

194 3223 344 3282 Occursum
357 3221 465 3280 interea
478 3241 593 3298 surgens
608 3223 716 3280 Aurora
727 3220 847 3297 reliquit.

193 3301 309 3376 AEnees,
323 3319 481 3377 quenquam
496 3309 525 3358 et
537 3301 621 3358 sociis
634 3300 700 3356 dare
714 3307 824 3374 tempus
837 3298 989 3358 humandis

192 3377 375 3455 Praecipitant
388 3396 472 3453 curae,
486 3377 650 3453 turbataque
663 3376 762 3433 sunere
775 3394 855 3433 mens
868 3384 919 3452 est,

193 3455 270 3512 Vota
283 3455 368 3513 desim
381 3455 473 3532 primo
486 3456 575 3513 victor
588 3453 714 3512 solvebat
727 3454 799 3511 Eho.

193 3533 342 3609 Ingentem
356 3552 501 3610 quercum,
515 3533 618 3591 decisis
631 3532 756 3608 undique
769 3532 863 3608 ramis,

193 3612 345 3671 Constituit
358 3612 476 3686 tumulo,
490 3611 680 3689 fulgentiaque
694 3611 786 3669 induit
798 3630 883 3688 erma,
996 3615 997 3618 ’

193 3690 322 3752 Mezenti
336 3691 415 3749 ducis
429 3691 554 3765 exuvias,
568 3689 629 3765 tibi,
643 3710 754 3767 magne,
768 3698 913 3768 tropeum,
961 3701 964 3709 “

193 3771 387 3849 Bellipotens:
409 3778 485 3847 aptat
497 3777 621 3828 rorantes
634 3770 770 3846 sanguine
785 3769 890 3845 cristas,

193 3849 322 3926 Telaque
335 3858 434 3909 trunca
446 3847 508 3923 viri,
522 3851 551 3905 et'
562 3847 606 3904 bis
621 3867 672 3905 sex
685 3848 799 3922 thoraca
812 3849 930 3925 petitum

192 3927 413 4006 Perfossumque
426 3927 515 3999 locis3
536 3924 723 4002 clypeumque
737 3945 774 3984 ex
788 3945 843 3984 ere
856 3926 973 3984 sinistra
1116 3932 1152 3986 10
