2712 4488
225 500 278 562 210
626 499 804 556 AENEIDOS

228 649 365 727 Corniger
377 648 571 727 Hesperidum
583 649 686 708 fluvius
699 659 829 726 reguntur
841 669 985 728 equorum.

227 729 313 788 Adsis
325 748 342 786 o
355 725 474 804 tentrim,
488 735 517 786 et
529 725 644 806 propius
657 739 705 787 tue
718 730 835 787 numine
847 730 949 790 firmes.

268 807 315 866 Sic
328 816 472 882 memoret,
486 807 668 882 geminosque
682 807 751 882 legit
762 809 799 866 de
813 808 902 868 ciusse
915 809 1045 888 biremes,

227 885 419 962 Remigioque
432 893 524 962 uptut3
546 885 734 944 sociossimul
748 886 860 945 instruit
874 889 966 947 ermis.
1149 893 1186 948 8⁰

228 964 308 1022 Ecce
322 972 425 1038 eutem,
440 962 565 1022 subitum
578 971 662 1040 utque
675 964 764 1023 oeulis
777 965 905 1024 mirabile
917 976 1083 1046 monstrum,
1303 924 1309 1085 i

229 1042 357 1101 Candide
368 1060 420 1119 per
432 1041 532 1100 silvam
545 1059 609 1099 eum
623 1041 692 1100 stetu
706 1044 838 1101 eonoolor
851 1044 915 1102 elbo

228 1120 391 1196 Procubuit,
403 1119 542 1195 viridique
554 1120 583 1177 in
594 1120 685 1178 littore
699 1122 879 1198 conspicitur,
893 1143 958 1182 sus:

230 1199 323 1271 Quom
336 1199 399 1277 pius
412 1198 521 1256 AEueus
534 1197 586 1256 tibi
598 1199 684 1274 enim,
698 1199 759 1274 tibi,
774 1201 898 1260 maxims
908 1202 993 1280 Jun'o,
1045 1248 1049 1254 .

228 1279 346 1354 Muotst,
359 1295 438 1336 soors
450 1275 552 1352 serens,
566 1286 594 1335 et
603 1281 672 1336 'cum
685 1297 770 1354 grege
783 1279 856 1338 sistit
868 1280 904 1338 sd
917 1299 1001 1340 erem.
1150 1285 1188 1340 ⁸⁵

228 1355 332 1433 Tybris
345 1355 380 1414 ei
391 1355 519 1430 fluvium,
534 1352 620 1432 qudm
633 1356 718 1432 ionga
730 1365 782 1431 est,
796 1366 880 1416 noete
893 1366 1051 1420 tumentem

229 1434 333 1510 Leniit,
347 1441 376 1493 et
389 1433 474 1492 taciti
487 1433 609 1492 refluens
621 1433 661 1492 its
673 1434 797 1494 substitit
808 1437 894 1512 nudi,
1002 1453 1008 1466 ·
1023 1444 1026 1448 ’

229 1513 309 1572 Mitis
322 1520 354 1571 ut
366 1513 395 1571 in
408 1529 515 1570 morem
528 1513 620 1588 stagni
631 1513 807 1592 placideque
819 1515 930 1591 poiudis

158 1607 175 1623 ·'
231 1592 373 1650 Sterneret
386 1610 481 1668 equor
493 1592 584 1668 oquin
597 1609 676 1648 remo
690 1598 721 1649 ut
733 1592 875 1652 luctumen
888 1593 1008 1654 abesset.

229 1666 306 1747 Ergo
319 1667 373 1729 iter
385 1670 531 1747 inceptum
545 1669 669 1728 celerent
681 1689 794 1731 mmore
807 1672 941 1730 secundo.
1150 1677 1188 1730 90
1308 1614 1311 1743 i

229 1748 346 1808 Labitur
357 1758 444 1808 uncte
455 1745 535 1806 vedis
548 1747 641 1804 sbies:
663 1748 797 1807 mirentur
810 1757 838 1808 et
848 1752 943 1826 unde,

229 1828 350 1886 Miretur
362 1846 461 1885 nemus
474 1825 617 1898 insuetum
629 1825 765 1901 fulgentis
777 1824 861 1904 louge

231 1904 420 1965 Scuts·virrim
432 1903 528 1978 fluvio,
541 1903 687 1980 pictosque
701 1903 799 1964 innare
812 1906 930 1965 carinus.

230 1984 288 2046 Olli
300 1983 416 2060 remigio
429 1991 596 2058 noctemque
610 1981 742 2058 diemque
755 1982 879 2060 fatigant,
911 2009 998 2056 ψ’
1017 2025 1019 2030 .

230 2063 270 2123 Et
281 2063 381 2140 longos
394 2069 527 2139 superent
539 2060 639 2136 flexus,
654 2061 792 2138 variisque
805 2063 939 2140 teguntur
1150 2069 1189 2123 95

229 2141 394 2217 Arboribus,
406 2141 567 2217 viridesque
580 2147 676 2200 secent
688 2139 799 2217 placido
813 2161 926 2218 equore
939 2142 1032 2202 silves·

231 2220 280 2279 Sol
293 2220 419 2278 medium
432 2219 496 2278 coeli
510 2219 712 2277 conscenderat
724 2220 824 2294 igneus
837 2221 943 2296 orbem,

231 2299 329 2371 Quum
342 2301 445 2373 muros,
460 2315 610 2372 arcemque
622 2297 730 2372 procul,
745 2316 777 2354 eo
790 2317 851 2356 rurs
860 2301 1010 2359 domorum

231 2376 321 2435 Tecto
332 2376 438 2449 vident,
453 2393 517 2450 quse
529 2393 606 2431 nune
618 2375 749 2432 Romanu
761 2377 886 2452 potentio
898 2378 970 2436 eoelo

230 2454 381 2531 AEqusvit3
402 2462 462 2512 tum
476 2471 521 2510 res
533 2451 632 2528 inopes
646 2452 796 2512 Evandrus
806 2453 936 2514 habebut.
1132 2461 1188 2516 100

233 2529 321 2592 Ocius
334 2533 483 2591 advertunt
495 2549 600 2607 ptores,
614 2530 733 2606 urbique
746 2531 941 2608 propinquent

269 2607 354 2669 Forte
368 2610 414 2668 die
428 2609 583 2668 solemnem
597 2607 644 2665 illo
658 2627 709 2666 rex
721 2611 809 2667 Areos
821 2609 957 2671 honorem

232 2688 493 2767 Amphitryouiedae
507 2705 608 2763 mugno
621 2687 748 2763 divisque
761 2687 868 2747 ferebat

231 2770 307 2827 Ante
319 2767 417 2827 urbem
430 2767 459 2824 in
473 2765 545 2824 luco.
585 2765 678 2824 Palios
690 2765 758 2825 huic
771 2766 846 2825 filius
858 2768 925 2844 und,

232 2847 299 2908 Une
312 2866 410 2906 omnes
419 2847 558 2925 juvenum
571 2844 665 2922 primi,
678 2863 839 2922 pauperque
852 2855 975 2922 senatus,
1132 2851 1187 2905 105

232 2926 329 2985 Thura
342 2925 453 3000 dobant,
467 2925 636 3002 tepidusque
649 2943 729 2982 eruor
741 2923 866 2985 fumobot
876 2926 910 2984 sd
924 2943 993 2984 erus.
1027 2975 1029 2981 ,

231 3004 273 3066 Ut
285 3006 375 3065 celsos
387 3002 487 3063 vidire
497 3013 579 3078 retes,
593 3012 676 3079 utque
689 3004 762 3063 inter
772 3023 893 3082 opscum
986 3050 989 3058 .

231 3084 328 3143 Allsbi
339 3103 449 3159 nemus,
464 3091 492 3141 et
503 3082 595 3142 tseitis
607 3082 774 3141 incumbere
784 3083 868 3142 remis
873 3097 886 3156 ';

231 3161 384 3221 Torrentur
395 3163 458 3220 visu
472 3160 572 3236 subito,
587 3161 734 3237 cunctique
747 3160 851 3219 relictis

232 3240 411 3316 Consurgunt
423 3238 536 3297 mensis.
576 3239 679 3296 Audax
691 3256 762 3312 quos
774 3255 903 3314 rumpere
915 3236 1010 3296 Pelles
1131 3240 1185 3295 110

234 3317 319 3375 Sucro
330 3325 414 3392 vetet,
428 3324 562 3392 ruptoque
575 3315 651 3373 volet
663 3314 718 3371 telo
733 3314 833 3372 obvius
846 3316 923 3391 ipse3

233 3395 274 3452 Et
285 3393 384 3472 procul
397 3412 413 3450 e
426 3393 550 3452 tumulo:
569 3391 704 3466 iuvenes,
719 3410 781 3466 quse
796 3411 879 3451 enuss
891 3390 1002 3467 subegit

234 3472 347 3548 Ignotus
360 3479 467 3530 tentore
480 3471 562 3528 vius?
582 3465 637 3545 qud
651 3468 785 3527 tenditis?
804 3469 904 3546 inquit.
1017 3523 1020 3530 .

235 3551 293 3622 Qui
306 3550 415 3627 genus?
435 3548 511 3608 unde
524 3549 627 3606 domo?
647 3566 783 3624 pseemne
797 3547 854 3606 hue
867 3545 954 3624 fertis,
968 3567 1005 3607 su
1018 3549 1113 3607 ormo?

233 3629 310 3688 Tum
322 3635 400 3706 poter
412 3627 520 3686 AEneos
532 3625 621 3710 puppi
635 3625 675 3684 sie
688 3626 761 3685 sstur
774 3626 808 3684 ub
823 3626 888 3701 ultri,‘
1128 3629 1184 3684 115

233 3707 423 3784 Paciferaeque
435 3723 520 3763 manu
533 3723 640 3763 romum
653 3706 802 3781 pretendit
814 3704 896 3763 olivre
908 3723 916 3762 τ

233 3786 407 3867 Trojugenss
421 3791 453 3842 'ue
466 3784 523 3843 tels
534 3784 614 3841 vides
626 3783 740 3842 inimico
753 3784 869 3861 Letiois,

235 3865 315 3936 Quos
328 3865 370 3923 illi
381 3863 456 3922 bello
468 3862 600 3940 profugos
613 3859 697 3936 egere
711 3861 839 3939 superbo.

234 3941 398 4003 Evandrum
410 3941 550 4019 petimus:
571 3939 641 3997 ferte
653 3938 725 4015 hee,
739 3949 768 3999 et
780 3941 865 3998 dicite
877 3939 967 3998 leutos

234 4021 384 4080 Durduniae
397 4019 508 4080 venisse
521 4019 617 4092 duces,
631 4018 707 4074 souis
719 4037 795 4076 srms
807 4025 943 4094 rogantes.
1129 4017 1184 4074 120
