<?xml version="1.0" encoding="UTF-8"?>
<!DOCTYPE html PUBLIC "-//W3C//DTD XHTML 1.0 Transitional//EN"
    "http://www.w3.org/TR/xhtml1/DTD/xhtml1-transitional.dtd">
<html xmlns="http://www.w3.org/1999/xhtml" xml:lang="en" lang="en">
 <head>
  <title>
</title>
<meta http-equiv="Content-Type" content="text/html;charset=utf-8" />
  <meta name='ocr-system' content='tesseract 3.04.00' />
  <meta name='ocr-capabilities' content='ocr_page ocr_carea ocr_par ocr_line ocrx_word'/>
</head>
<body>
  <div class='ocr_page' id='page_1' title='image "./bucolicageorgic06virggoog/bucolicageorgic06virggoog_0277.png"; bbox 0 0 2712 4488; ppageno 0'>
   <div class='ocr_carea' id='block_1_1' title="bbox 207 511 880 618">
    <p class='ocr_par' dir='ltr' id='par_1_1' title="bbox 207 511 880 618">
     <span class='ocr_line' id='line_1_1' title="bbox 207 511 880 618; baseline 0.003 -40"><span class='ocrx_word' id='word_1_1' title='bbox 207 531 259 578; x_wconf 54' lang='lat' dir='ltr'><strong>aa</strong></span> <span class='ocrx_word' id='word_1_2' title='bbox 296 599 301 618; x_wconf 36' lang='lat'><strong>,</strong></span> <span class='ocrx_word' id='word_1_3' title='bbox 606 511 784 580; x_wconf 72' lang='lat' dir='ltr'><strong>hnuruoe</strong></span> <span class='ocrx_word' id='word_1_4' title='bbox 876 567 880 580; x_wconf 89' lang='grc'><em>,</em></span> 
     </span>
    </p>
   </div>
   <div class='ocr_carea' id='block_1_2' title="bbox 161 669 1179 3111">
    <p class='ocr_par' dir='ltr' id='par_1_2' title="bbox 209 669 901 743">
     <span class='ocr_line' id='line_1_2' title="bbox 209 669 901 743; baseline -0.001 -13"><span class='ocrx_word' id='word_1_5' title='bbox 209 672 283 743; x_wconf 81' lang='lat' dir='ltr'><strong>Quae</strong></span> <span class='ocrx_word' id='word_1_6' title='bbox 297 669 383 730; x_wconf 77' lang='lat' dir='ltr'><strong>modo</strong></span> <span class='ocrx_word' id='word_1_7' title='bbox 396 672 534 731; x_wconf 83' lang='lat' dir='ltr'><strong>victorem</strong></span> <span class='ocrx_word' id='word_1_8' title='bbox 548 673 630 738; x_wconf 85' lang='lat' dir='ltr'><strong>Latio</strong></span> <span class='ocrx_word' id='word_1_9' title='bbox 643 673 773 732; x_wconf 87' lang='lat' dir='ltr'><strong>Pallanta</strong></span> <span class='ocrx_word' id='word_1_10' title='bbox 785 672 901 731; x_wconf 84' lang='lat' dir='ltr'><strong>serebat.</strong></span> 
     </span>
    </p>

    <p class='ocr_par' dir='ltr' id='par_1_3' title="bbox 206 751 924 829">
     <span class='ocr_line' id='line_1_3' title="bbox 206 751 924 829; baseline 0.003 -21"><span class='ocrx_word' id='word_1_11' title='bbox 206 751 334 809; x_wconf 81' lang='lat' dir='ltr'><strong>Arcades</strong></span> <span class='ocrx_word' id='word_1_12' title='bbox 348 753 383 809; x_wconf 92' lang='lat' dir='ltr'><strong>ad</strong></span> <span class='ocrx_word' id='word_1_13' title='bbox 397 762 490 829; x_wconf 88' lang='lat' dir='ltr'><strong>portas</strong></span> <span class='ocrx_word' id='word_1_14' title='bbox 503 763 603 824; x_wconf 81' lang='lat' dir='ltr'><strong>ruere3</strong></span> <span class='ocrx_word' id='word_1_15' title='bbox 625 753 704 810; x_wconf 92' lang='lat' dir='ltr'><strong>etde</strong></span> <span class='ocrx_word' id='word_1_16' title='bbox 718 758 924 810; x_wconf 85' lang='lat' dir='ltr'><strong>morevetusto</strong></span> 
     </span>
    </p>

    <p class='ocr_par' dir='ltr' id='par_1_4' title="bbox 207 829 849 907">
     <span class='ocr_line' id='line_1_4' title="bbox 207 829 849 907; baseline 0.002 -21"><span class='ocrx_word' id='word_1_17' title='bbox 207 829 354 888; x_wconf 85' lang='lat' dir='ltr'><strong>Funereas</strong></span> <span class='ocrx_word' id='word_1_18' title='bbox 367 829 487 907; x_wconf 76' lang='lat' dir='ltr'><strong>reperire</strong></span> <span class='ocrx_word' id='word_1_19' title='bbox 501 830 594 888; x_wconf 84' lang='lat' dir='ltr'><strong>laces:</strong></span> <span class='ocrx_word' id='word_1_20' title='bbox 615 830 693 888; x_wconf 91' lang='lat' dir='ltr'><strong>lucet</strong></span> <span class='ocrx_word' id='word_1_21' title='bbox 705 831 752 888; x_wconf 88' lang='lat' dir='ltr'><strong>via</strong></span> <span class='ocrx_word' id='word_1_22' title='bbox 765 830 849 906; x_wconf 77' lang='lat' dir='ltr'><strong>longo</strong></span> 
     </span>
    </p>

    <p class='ocr_par' dir='ltr' id='par_1_5' title="bbox 209 905 918 984">
     <span class='ocr_line' id='line_1_5' title="bbox 209 905 918 984; baseline -0.001 -18"><span class='ocrx_word' id='word_1_23' title='bbox 209 907 315 966; x_wconf 86' lang='lat' dir='ltr'>Ordine</span> <span class='ocrx_word' id='word_1_24' title='bbox 329 908 516 982; x_wconf 90' lang='lat' dir='ltr'><strong>flammarum,</strong></span> <span class='ocrx_word' id='word_1_25' title='bbox 530 918 559 966; x_wconf 90' lang='lat' dir='ltr'><strong>et</strong></span> <span class='ocrx_word' id='word_1_26' title='bbox 571 905 627 966; x_wconf 75' lang='lat' dir='ltr'><strong>late</strong></span> <span class='ocrx_word' id='word_1_27' title='bbox 642 909 816 967; x_wconf 77' lang='lat' dir='ltr'><strong>discriminat</strong></span> <span class='ocrx_word' id='word_1_28' title='bbox 829 927 918 984; x_wconf 78' lang='lat' dir='ltr'><strong>agros.</strong></span> 
     </span>
    </p>

    <p class='ocr_par' dir='ltr' id='par_1_6' title="bbox 208 985 1179 1066">
     <span class='ocr_line' id='line_1_6' title="bbox 208 985 1179 1066; baseline 0.002 -22"><span class='ocrx_word' id='word_1_29' title='bbox 208 985 314 1045; x_wconf 76' lang='lat' dir='ltr'><strong>eontra</strong></span> <span class='ocrx_word' id='word_1_30' title='bbox 327 988 409 1046; x_wconf 88' lang='lat' dir='ltr'><strong>turba</strong></span> <span class='ocrx_word' id='word_1_31' title='bbox 422 987 568 1063; x_wconf 80' lang='lat' dir='ltr'><strong>Phrygum</strong></span> <span class='ocrx_word' id='word_1_32' title='bbox 581 987 700 1045; x_wconf 86' lang='lat' dir='ltr'><strong>veniens</strong></span> <span class='ocrx_word' id='word_1_33' title='bbox 713 985 878 1065; x_wconf 74' lang='lat' dir='ltr'><strong>plangentia</strong></span> <span class='ocrx_word' id='word_1_34' title='bbox 887 989 1011 1066; x_wconf 79' lang='lat' dir='ltr'><strong>jungunt</strong></span> <span class='ocrx_word' id='word_1_35' title='bbox 1119 991 1179 1046; x_wconf 82' lang='grc'><strong>145</strong></span> 
     </span>
    </p>

    <p class='ocr_par' dir='ltr' id='par_1_7' title="bbox 206 1066 1000 1142">
     <span class='ocr_line' id='line_1_7' title="bbox 206 1066 1000 1142; baseline 0.001 -19"><span class='ocrx_word' id='word_1_36' title='bbox 206 1066 339 1141; x_wconf 80' lang='lat' dir='ltr'><strong>Agmina.</strong></span> <span class='ocrx_word' id='word_1_37' title='bbox 382 1066 457 1137; x_wconf 80' lang='lat' dir='ltr'><strong>Quae</strong></span> <span class='ocrx_word' id='word_1_38' title='bbox 469 1076 620 1142; x_wconf 81' lang='lat' dir='ltr'><strong>postquam</strong></span> <span class='ocrx_word' id='word_1_39' title='bbox 635 1074 738 1125; x_wconf 91' lang='lat' dir='ltr'><strong>matres</strong></span> <span class='ocrx_word' id='word_1_40' title='bbox 752 1066 905 1124; x_wconf 87' lang='lat' dir='ltr'><strong>succedere</strong></span> <span class='ocrx_word' id='word_1_41' title='bbox 918 1067 1000 1126; x_wconf 89' lang='lat' dir='ltr'><strong>tectis</strong></span> 
     </span>
    </p>

    <p class='ocr_par' dir='ltr' id='par_1_8' title="bbox 207 1143 978 1220">
     <span class='ocr_line' id='line_1_8' title="bbox 207 1143 978 1220; baseline 0.001 -20"><span class='ocrx_word' id='word_1_42' title='bbox 207 1143 360 1220; x_wconf 82' lang='lat' dir='ltr'><strong>Viderunt,</strong></span> <span class='ocrx_word' id='word_1_43' title='bbox 375 1153 502 1202; x_wconf 86' lang='lat' dir='ltr'><strong>moestam</strong></span> <span class='ocrx_word' id='word_1_44' title='bbox 517 1144 675 1202; x_wconf 90' lang='lat' dir='ltr'><strong>incendunt</strong></span> <span class='ocrx_word' id='word_1_45' title='bbox 687 1144 856 1203; x_wconf 86' lang='lat' dir='ltr'><strong>clamoribus</strong></span> <span class='ocrx_word' id='word_1_46' title='bbox 870 1146 978 1203; x_wconf 89' lang='lat' dir='ltr'><strong>urbem.</strong></span> 
     </span>
    </p>

    <p class='ocr_par' dir='ltr' id='par_1_9' title="bbox 206 1223 961 1300">
     <span class='ocr_line' id='line_1_9' title="bbox 206 1223 961 1300; baseline 0.003 -20"><span class='ocrx_word' id='word_1_47' title='bbox 206 1225 246 1280; x_wconf 78' lang='lat' dir='ltr'><strong>At</strong></span> <span class='ocrx_word' id='word_1_48' title='bbox 259 1242 315 1280; x_wconf 91' lang='lat' dir='ltr'><strong>non</strong></span> <span class='ocrx_word' id='word_1_49' title='bbox 330 1223 495 1282; x_wconf 86' lang='lat' dir='ltr'><strong>Evandrum</strong></span> <span class='ocrx_word' id='word_1_50' title='bbox 508 1223 582 1300; x_wconf 92' lang='lat' dir='ltr'><strong>potis</strong></span> <span class='ocrx_word' id='word_1_51' title='bbox 597 1231 640 1282; x_wconf 88' lang='lat' dir='ltr'><strong>est</strong></span> <span class='ocrx_word' id='word_1_52' title='bbox 652 1224 695 1282; x_wconf 87' lang='lat' dir='ltr'><strong>vis</strong></span> <span class='ocrx_word' id='word_1_53' title='bbox 709 1223 768 1281; x_wconf 92' lang='lat' dir='ltr'><strong>ulla</strong></span> <span class='ocrx_word' id='word_1_54' title='bbox 780 1231 896 1296; x_wconf 83' lang='lat' dir='ltr'><strong>tenere3</strong></span> <span class='ocrx_word' id='word_1_55' title='bbox 959 1247 961 1252; x_wconf 95' lang='lat'>·</span> 
     </span>
    </p>

    <p class='ocr_par' dir='ltr' id='par_1_10' title="bbox 209 1299 930 1380">
     <span class='ocr_line' id='line_1_10' title="bbox 209 1299 930 1380; baseline 0.003 -22"><span class='ocrx_word' id='word_1_56' title='bbox 209 1299 266 1360; x_wconf 86' lang='lat' dir='ltr'><strong>Sed</strong></span> <span class='ocrx_word' id='word_1_57' title='bbox 279 1301 400 1379; x_wconf 76' lang='lat' dir='ltr'><strong>venitin</strong></span> <span class='ocrx_word' id='word_1_58' title='bbox 413 1302 540 1375; x_wconf 87' lang='lat' dir='ltr'><strong>medios;</strong></span> <span class='ocrx_word' id='word_1_59' title='bbox 561 1301 665 1360; x_wconf 86' lang='lat' dir='ltr'><strong>feretro</strong></span> <span class='ocrx_word' id='word_1_60' title='bbox 676 1302 806 1361; x_wconf 74' lang='lat' dir='ltr'><strong>Pallanta</strong></span> <span class='ocrx_word' id='word_1_61' title='bbox 818 1310 930 1380; x_wconf 85' lang='lat' dir='ltr'><strong>reporto</strong></span> 
     </span>
    </p>

    <p class='ocr_par' dir='ltr' id='par_1_11' title="bbox 206 1380 1178 1458">
     <span class='ocr_line' id='line_1_11' title="bbox 206 1380 1178 1458; baseline 0.001 -21"><span class='ocrx_word' id='word_1_62' title='bbox 206 1380 362 1438; x_wconf 87' lang='lat' dir='ltr'><strong>Procubuit</strong></span> <span class='ocrx_word' id='word_1_63' title='bbox 374 1398 469 1458; x_wconf 87' lang='lat' dir='ltr'><strong>super,</strong></span> <span class='ocrx_word' id='word_1_64' title='bbox 483 1389 566 1457; x_wconf 88' lang='lat' dir='ltr'><strong>atque</strong></span> <span class='ocrx_word' id='word_1_65' title='bbox 577 1381 665 1440; x_wconf 78' lang='lat' dir='ltr'><strong>heret</strong></span> <span class='ocrx_word' id='word_1_66' title='bbox 677 1381 891 1458; x_wconf 80' lang='lat' dir='ltr'><strong>lacrymansque</strong></span> <span class='ocrx_word' id='word_1_67' title='bbox 904 1398 1094 1458; x_wconf 81' lang='lat' dir='ltr'><strong>gemensque3</strong></span> <span class='ocrx_word' id='word_1_68' title='bbox 1118 1384 1178 1438; x_wconf 81' lang='lat'><strong>1⁵⁰</strong></span> 
     </span>
    </p>

    <p class='ocr_par' dir='ltr' id='par_1_12' title="bbox 208 1457 863 1518">
     <span class='ocr_line' id='line_1_12' title="bbox 208 1457 863 1518; baseline 0.006 -4"><span class='ocrx_word' id='word_1_69' title='bbox 208 1457 247 1515; x_wconf 81' lang='lat' dir='ltr'><strong>Et</strong></span> <span class='ocrx_word' id='word_1_70' title='bbox 260 1459 306 1516; x_wconf 88' lang='lat' dir='ltr'><strong>via</strong></span> <span class='ocrx_word' id='word_1_71' title='bbox 319 1460 368 1518; x_wconf 85' lang='lat' dir='ltr'><strong>vix</strong></span> <span class='ocrx_word' id='word_1_72' title='bbox 381 1460 496 1518; x_wconf 89' lang='lat' dir='ltr'><strong>tandem</strong></span> <span class='ocrx_word' id='word_1_73' title='bbox 509 1461 577 1518; x_wconf 83' lang='lat' dir='ltr'><strong>roci</strong></span> <span class='ocrx_word' id='word_1_74' title='bbox 586 1459 681 1518; x_wconf 83' lang='lat' dir='ltr'><strong>laxata</strong></span> <span class='ocrx_word' id='word_1_75' title='bbox 694 1459 790 1518; x_wconf 91' lang='lat' dir='ltr'><strong>dolore</strong></span> <span class='ocrx_word' id='word_1_76' title='bbox 804 1468 863 1518; x_wconf 87' lang='lat' dir='ltr'><strong>est:</strong></span> 
     </span>
    </p>

    <p class='ocr_par' dir='ltr' id='par_1_13' title="bbox 206 1537 914 1617">
     <span class='ocr_line' id='line_1_13' title="bbox 206 1537 914 1617; baseline 0.006 -23"><span class='ocrx_word' id='word_1_77' title='bbox 206 1537 237 1594; x_wconf 92' lang='lat' dir='ltr'>N</span> <span class='ocrx_word' id='word_1_78' title='bbox 239 1556 275 1594; x_wconf 89' lang='lat' dir='ltr'><strong>on</strong></span> <span class='ocrx_word' id='word_1_79' title='bbox 289 1537 362 1614; x_wconf 82' lang='lat' dir='ltr'><strong>haec,</strong></span> <span class='ocrx_word' id='word_1_80' title='bbox 377 1559 394 1597; x_wconf 95' lang='lat' dir='ltr'><strong>o</strong></span> <span class='ocrx_word' id='word_1_81' title='bbox 408 1538 498 1614; x_wconf 89' lang='lat' dir='ltr'><strong>Pella,</strong></span> <span class='ocrx_word' id='word_1_82' title='bbox 513 1539 631 1597; x_wconf 82' lang='lat' dir='ltr'><strong>dederas</strong></span> <span class='ocrx_word' id='word_1_83' title='bbox 644 1539 782 1616; x_wconf 87' lang='lat' dir='ltr'><strong>promissa</strong></span> <span class='ocrx_word' id='word_1_84' title='bbox 793 1539 914 1617; x_wconf 89' lang='lat' dir='ltr'><strong>parenti,</strong></span> 
     </span>
    </p>

    <p class='ocr_par' dir='ltr' id='par_1_14' title="bbox 207 1614 852 1677">
     <span class='ocr_line' id='line_1_14' title="bbox 207 1614 852 1677; baseline 0 -3"><span class='ocrx_word' id='word_1_85' title='bbox 207 1614 326 1675; x_wconf 74' lang='lat' dir='ltr'><strong>Cautius</strong></span> <span class='ocrx_word' id='word_1_86' title='bbox 340 1625 371 1676; x_wconf 91' lang='lat' dir='ltr'><strong>ut</strong></span> <span class='ocrx_word' id='word_1_87' title='bbox 384 1635 460 1676; x_wconf 77' lang='lat' dir='ltr'><strong>sevo</strong></span> <span class='ocrx_word' id='word_1_88' title='bbox 473 1617 562 1676; x_wconf 86' lang='lat' dir='ltr'><strong>velles</strong></span> <span class='ocrx_word' id='word_1_89' title='bbox 576 1626 604 1677; x_wconf 92' lang='lat' dir='ltr'><strong>te</strong></span> <span class='ocrx_word' id='word_1_90' title='bbox 618 1619 734 1676; x_wconf 87' lang='lat' dir='ltr'><strong>credere</strong></span> <span class='ocrx_word' id='word_1_91' title='bbox 747 1617 852 1677; x_wconf 90' lang='lat' dir='ltr'><strong>Marti!</strong></span> 
     </span>
    </p>

    <p class='ocr_par' dir='ltr' id='par_1_15' title="bbox 207 1694 1001 1774">
     <span class='ocr_line' id='line_1_15' title="bbox 207 1694 1001 1774; baseline 0.003 -22"><span class='ocrx_word' id='word_1_92' title='bbox 207 1694 294 1754; x_wconf 89' lang='lat' dir='ltr'><strong>Haud</strong></span> <span class='ocrx_word' id='word_1_93' title='bbox 307 1697 420 1773; x_wconf 85' lang='lat' dir='ltr'><strong>ignarus</strong></span> <span class='ocrx_word' id='word_1_94' title='bbox 434 1715 510 1756; x_wconf 89' lang='lat' dir='ltr'><strong>eram</strong></span> <span class='ocrx_word' id='word_1_95' title='bbox 524 1705 661 1774; x_wconf 90' lang='lat' dir='ltr'><strong>quantum</strong></span> <span class='ocrx_word' id='word_1_96' title='bbox 675 1716 749 1754; x_wconf 89' lang='lat' dir='ltr'><strong>nova</strong></span> <span class='ocrx_word' id='word_1_97' title='bbox 762 1697 850 1772; x_wconf 86' lang='lat' dir='ltr'><strong>gloria</strong></span> <span class='ocrx_word' id='word_1_98' title='bbox 862 1697 893 1754; x_wconf 90' lang='lat' dir='ltr'><strong>iu</strong></span> <span class='ocrx_word' id='word_1_99' title='bbox 907 1695 1001 1770; x_wconf 87' lang='lat' dir='ltr'><strong>armis,</strong></span> 
     </span>
    </p>

    <p class='ocr_par' dir='ltr' id='par_1_16' title="bbox 161 1775 1177 1934">
     <span class='ocr_line' id='line_1_16' title="bbox 161 1775 1177 1853; baseline 0 -21"><span class='ocrx_word' id='word_1_100' title='bbox 161 1775 162 1780; x_wconf 73' lang='grc'>’</span> <span class='ocrx_word' id='word_1_101' title='bbox 207 1775 248 1833; x_wconf 91' lang='lat' dir='ltr'><strong>Et</strong></span> <span class='ocrx_word' id='word_1_102' title='bbox 260 1777 403 1852; x_wconf 78' lang='lat' dir='ltr'><strong>predulce</strong></span> <span class='ocrx_word' id='word_1_103' title='bbox 416 1777 504 1834; x_wconf 85' lang='lat' dir='ltr'><strong>decus</strong></span> <span class='ocrx_word' id='word_1_104' title='bbox 517 1776 610 1853; x_wconf 89' lang='lat' dir='ltr'><strong>primo</strong></span> <span class='ocrx_word' id='word_1_105' title='bbox 624 1776 776 1833; x_wconf 87' lang='lat' dir='ltr'><strong>certamine</strong></span> <span class='ocrx_word' id='word_1_106' title='bbox 789 1781 894 1852; x_wconf 86' lang='lat' dir='ltr'><strong>posset</strong></span> <span class='ocrx_word' id='word_1_107' title='bbox 1119 1779 1177 1832; x_wconf 81' lang='lat'><strong>155</strong></span> 
     </span>
     <span class='ocr_line' id='line_1_17' title="bbox 208 1852 1085 1934; baseline -0.002 -22"><span class='ocrx_word' id='word_1_108' title='bbox 208 1853 342 1912; x_wconf 84' lang='lat' dir='ltr'><strong>Primitiae</strong></span> <span class='ocrx_word' id='word_1_109' title='bbox 353 1854 467 1934; x_wconf 88' lang='lat' dir='ltr'><strong>juvenis</strong></span> <span class='ocrx_word' id='word_1_110' title='bbox 481 1853 740 1929; x_wconf 58' lang='lat' dir='ltr'><strong>miserm-bellique</strong></span> <span class='ocrx_word' id='word_1_111' title='bbox 753 1852 904 1931; x_wconf 86' lang='lat' dir='ltr'><strong>propinqui</strong></span> <span class='ocrx_word' id='word_1_112' title='bbox 1078 1865 1085 1878; x_wconf 89' lang='lat'><strong>·</strong></span> 
     </span>
    </p>

    <p class='ocr_par' dir='ltr' id='par_1_17' title="bbox 207 1932 891 1992">
     <span class='ocr_line' id='line_1_18' title="bbox 207 1932 891 1992; baseline 0 -2"><span class='ocrx_word' id='word_1_113' title='bbox 207 1933 288 1990; x_wconf 86' lang='lat' dir='ltr'><strong>Duru</strong></span> <span class='ocrx_word' id='word_1_114' title='bbox 302 1934 478 1992; x_wconf 86' lang='lat' dir='ltr'><strong>rudimenta!</strong></span> <span class='ocrx_word' id='word_1_115' title='bbox 501 1941 529 1990; x_wconf 92' lang='lat' dir='ltr'><strong>et</strong></span> <span class='ocrx_word' id='word_1_116' title='bbox 542 1933 613 1990; x_wconf 93' lang='lat' dir='ltr'><strong>nulli</strong></span> <span class='ocrx_word' id='word_1_117' title='bbox 627 1933 761 1990; x_wconf 87' lang='lat' dir='ltr'><strong>exaudita</strong></span> <span class='ocrx_word' id='word_1_118' title='bbox 774 1932 891 1991; x_wconf 86' lang='lat' dir='ltr'><strong>deorum</strong></span> 
     </span>
    </p>

    <p class='ocr_par' dir='ltr' id='par_1_18' title="bbox 207 2009 1137 2090">
     <span class='ocr_line' id='line_1_19' title="bbox 207 2009 1137 2090; baseline 0 -21"><span class='ocrx_word' id='word_1_119' title='bbox 207 2011 284 2070; x_wconf 90' lang='lat' dir='ltr'><strong>Vota</strong></span> <span class='ocrx_word' id='word_1_120' title='bbox 296 2031 453 2089; x_wconf 84' lang='lat' dir='ltr'><strong>precesque</strong></span> <span class='ocrx_word' id='word_1_121' title='bbox 468 2009 560 2072; x_wconf 76' lang='lat' dir='ltr'><strong>mee!</strong></span> <span class='ocrx_word' id='word_1_122' title='bbox 595 2012 708 2089; x_wconf 84' lang='lat' dir='ltr'><strong>Tuque,</strong></span> <span class='ocrx_word' id='word_1_123' title='bbox 722 2032 740 2070; x_wconf 94' lang='lat' dir='ltr'><strong>o</strong></span> <span class='ocrx_word' id='word_1_124' title='bbox 753 2010 930 2073; x_wconf 87' lang='lat' dir='ltr'><strong>sanctissima</strong></span> <span class='ocrx_word' id='word_1_125' title='bbox 942 2012 1057 2090; x_wconf 84' lang='lat' dir='ltr'><strong>conjux,</strong></span> <span class='ocrx_word' id='word_1_126' title='bbox 1131 2011 1137 2024; x_wconf 87' lang='grc'><strong>”</strong></span> 
     </span>
    </p>

    <p class='ocr_par' dir='ltr' id='par_1_19' title="bbox 206 2089 988 2169">
     <span class='ocr_line' id='line_1_20' title="bbox 206 2089 988 2169; baseline -0.009 -17"><span class='ocrx_word' id='word_1_127' title='bbox 206 2089 292 2152; x_wconf 82' lang='lat' dir='ltr'><strong>Felix</strong></span> <span class='ocrx_word' id='word_1_128' title='bbox 305 2101 395 2152; x_wconf 87' lang='lat' dir='ltr'><strong>morte</strong></span> <span class='ocrx_word' id='word_1_129' title='bbox 407 2092 465 2168; x_wconf 80' lang='lat' dir='ltr'><strong>tud,</strong></span> <span class='ocrx_word' id='word_1_130' title='bbox 479 2110 574 2169; x_wconf 89' lang='lat' dir='ltr'><strong>neque</strong></span> <span class='ocrx_word' id='word_1_131' title='bbox 587 2091 616 2149; x_wconf 90' lang='lat' dir='ltr'><strong>in</strong></span> <span class='ocrx_word' id='word_1_132' title='bbox 630 2091 707 2150; x_wconf 92' lang='lat' dir='ltr'><strong>hunc</strong></span> <span class='ocrx_word' id='word_1_133' title='bbox 721 2099 832 2149; x_wconf 83' lang='lat' dir='ltr'><strong>servata</strong></span> <span class='ocrx_word' id='word_1_134' title='bbox 844 2089 969 2148; x_wconf 90' lang='lat' dir='ltr'><strong>dolorem</strong></span> <span class='ocrx_word' id='word_1_135' title='bbox 982 2092 988 2145; x_wconf 94' lang='lat'><strong>!</strong></span> 
     </span>
    </p>

    <p class='ocr_par' dir='ltr' id='par_1_20' title="bbox 208 2169 1176 2248">
     <span class='ocr_line' id='line_1_21' title="bbox 208 2169 1176 2248; baseline -0.007 -16"><span class='ocrx_word' id='word_1_136' title='bbox 208 2169 315 2232; x_wconf 77' lang='lat' dir='ltr'><strong>Contrd</strong></span> <span class='ocrx_word' id='word_1_137' title='bbox 329 2191 382 2248; x_wconf 83' lang='lat' dir='ltr'><strong>ego</strong></span> <span class='ocrx_word' id='word_1_138' title='bbox 394 2171 517 2230; x_wconf 81' lang='lat' dir='ltr'><strong>vivendo</strong></span> <span class='ocrx_word' id='word_1_139' title='bbox 531 2170 589 2229; x_wconf 82' lang='lat' dir='ltr'><strong>vici</strong></span> <span class='ocrx_word' id='word_1_140' title='bbox 603 2189 667 2229; x_wconf 88' lang='lat' dir='ltr'><strong>maa</strong></span> <span class='ocrx_word' id='word_1_141' title='bbox 679 2169 744 2245; x_wconf 84' lang='lat' dir='ltr'><strong>sata,</strong></span> <span class='ocrx_word' id='word_1_142' title='bbox 758 2176 900 2247; x_wconf 81' lang='lat' dir='ltr'><strong>superstes</strong></span> <span class='ocrx_word' id='word_1_143' title='bbox 1119 2171 1176 2226; x_wconf 84' lang='grc'><strong>160</strong></span> 
     </span>
    </p>

    <p class='ocr_par' dir='ltr' id='par_1_21' title="bbox 207 2249 1036 2325">
     <span class='ocr_line' id='line_1_22' title="bbox 207 2249 1036 2325; baseline -0.007 -16"><span class='ocrx_word' id='word_1_144' title='bbox 207 2251 358 2309; x_wconf 90' lang='lat' dir='ltr'><strong>Restarem</strong></span> <span class='ocrx_word' id='word_1_145' title='bbox 371 2257 402 2308; x_wconf 91' lang='lat' dir='ltr'><strong>ut</strong></span> <span class='ocrx_word' id='word_1_146' title='bbox 414 2251 532 2325; x_wconf 85' lang='lat' dir='ltr'><strong>genitor.</strong></span> <span class='ocrx_word' id='word_1_147' title='bbox 574 2249 683 2307; x_wconf 89' lang='lat' dir='ltr'><strong>Troum</strong></span> <span class='ocrx_word' id='word_1_148' title='bbox 696 2249 775 2307; x_wconf 77' lang='lat' dir='ltr'><strong>socia</strong></span> <span class='ocrx_word' id='word_1_149' title='bbox 788 2268 865 2306; x_wconf 83' lang='lat' dir='ltr'><strong>arma</strong></span> <span class='ocrx_word' id='word_1_150' title='bbox 874 2255 1006 2305; x_wconf 80' lang='lat' dir='ltr'><strong>secutum</strong></span> <span class='ocrx_word' id='word_1_151' title='bbox 1029 2265 1036 2277; x_wconf 90' lang='lat'><strong>·</strong></span> 
     </span>
    </p>

    <p class='ocr_par' dir='ltr' id='par_1_22' title="bbox 208 2327 973 2403">
     <span class='ocr_line' id='line_1_23' title="bbox 208 2327 973 2403; baseline -0.005 -16"><span class='ocrx_word' id='word_1_152' title='bbox 208 2329 368 2387; x_wconf 90' lang='lat' dir='ltr'><strong>Obruerent</strong></span> <span class='ocrx_word' id='word_1_153' title='bbox 380 2329 482 2386; x_wconf 87' lang='lat' dir='ltr'><strong>Rutuli</strong></span> <span class='ocrx_word' id='word_1_154' title='bbox 496 2329 579 2386; x_wconf 89' lang='lat' dir='ltr'><strong>telis!</strong></span> <span class='ocrx_word' id='word_1_155' title='bbox 601 2329 724 2385; x_wconf 89' lang='lat' dir='ltr'><strong>animam</strong></span> <span class='ocrx_word' id='word_1_156' title='bbox 737 2328 799 2403; x_wconf 89' lang='lat' dir='ltr'><strong>ipse</strong></span> <span class='ocrx_word' id='word_1_157' title='bbox 813 2327 954 2384; x_wconf 90' lang='lat' dir='ltr'><strong>dedissem</strong></span> <span class='ocrx_word' id='word_1_158' title='bbox 965 2344 973 2398; x_wconf 84' lang='lat'>3</span> 
     </span>
    </p>

    <p class='ocr_par' dir='ltr' id='par_1_23' title="bbox 209 2397 1066 2483">
     <span class='ocr_line' id='line_1_24' title="bbox 209 2397 1066 2483; baseline -0.007 -18"><span class='ocrx_word' id='word_1_159' title='bbox 209 2410 302 2483; x_wconf 86' lang='lat' dir='ltr'><strong>Atque</strong></span> <span class='ocrx_word' id='word_1_160' title='bbox 313 2397 378 2464; x_wconf 81' lang='lat' dir='ltr'><strong>haec</strong></span> <span class='ocrx_word' id='word_1_161' title='bbox 391 2425 495 2482; x_wconf 87' lang='lat' dir='ltr'><strong>pompa</strong></span> <span class='ocrx_word' id='word_1_162' title='bbox 508 2406 625 2462; x_wconf 89' lang='lat' dir='ltr'><strong>domum</strong></span> <span class='ocrx_word' id='word_1_163' title='bbox 639 2423 694 2479; x_wconf 90' lang='lat' dir='ltr'><strong>me,</strong></span> <span class='ocrx_word' id='word_1_164' title='bbox 709 2421 767 2461; x_wconf 92' lang='lat' dir='ltr'><strong>non</strong></span> <span class='ocrx_word' id='word_1_165' title='bbox 780 2405 918 2480; x_wconf 86' lang='lat' dir='ltr'><strong>Pallanta,</strong></span> <span class='ocrx_word' id='word_1_166' title='bbox 934 2403 1066 2463; x_wconf 78' lang='lat' dir='ltr'><strong>referret!</strong></span> 
     </span>
    </p>

    <p class='ocr_par' dir='ltr' id='par_1_24' title="bbox 207 2483 981 2560">
     <span class='ocr_line' id='line_1_25' title="bbox 207 2483 981 2560; baseline -0.003 -17"><span class='ocrx_word' id='word_1_167' title='bbox 207 2485 238 2544; x_wconf 89' lang='lat' dir='ltr'>N</span> <span class='ocrx_word' id='word_1_168' title='bbox 239 2503 272 2542; x_wconf 87' lang='lat' dir='ltr'><strong>ec</strong></span> <span class='ocrx_word' id='word_1_169' title='bbox 285 2503 336 2542; x_wconf 88' lang='lat' dir='ltr'><strong>vos</strong></span> <span class='ocrx_word' id='word_1_170' title='bbox 351 2483 500 2558; x_wconf 86' lang='lat' dir='ltr'><strong>arguerim,</strong></span> <span class='ocrx_word' id='word_1_171' title='bbox 514 2483 629 2558; x_wconf 86' lang='lat' dir='ltr'><strong>Teucri,</strong></span> <span class='ocrx_word' id='word_1_172' title='bbox 644 2501 698 2540; x_wconf 93' lang='lat' dir='ltr'><strong>nec</strong></span> <span class='ocrx_word' id='word_1_173' title='bbox 711 2483 827 2558; x_wconf 84' lang='lat' dir='ltr'><strong>foedera,</strong></span> <span class='ocrx_word' id='word_1_174' title='bbox 843 2501 897 2540; x_wconf 93' lang='lat' dir='ltr'><strong>nec</strong></span> <span class='ocrx_word' id='word_1_175' title='bbox 907 2500 981 2560; x_wconf 66' lang='lat' dir='ltr'><strong>¹quas</strong></span> 
     </span>
    </p>

    <p class='ocr_par' dir='ltr' id='par_1_25' title="bbox 206 2561 1176 2637">
     <span class='ocr_line' id='line_1_26' title="bbox 206 2561 1176 2637; baseline -0.005 -14"><span class='ocrx_word' id='word_1_176' title='bbox 206 2563 358 2624; x_wconf 71' lang='lat' dir='ltr'><strong>junximus</strong></span> <span class='ocrx_word' id='word_1_177' title='bbox 372 2561 494 2637; x_wconf 87' lang='lat' dir='ltr'><strong>hospitio</strong></span> <span class='ocrx_word' id='word_1_178' title='bbox 508 2562 640 2618; x_wconf 87' lang='lat' dir='ltr'><strong>dextras:</strong></span> <span class='ocrx_word' id='word_1_179' title='bbox 662 2579 721 2620; x_wconf 89' lang='lat' dir='ltr'><strong>sors</strong></span> <span class='ocrx_word' id='word_1_180' title='bbox 734 2561 788 2619; x_wconf 89' lang='lat' dir='ltr'><strong>ista</strong></span> <span class='ocrx_word' id='word_1_181' title='bbox 801 2569 924 2620; x_wconf 72' lang='lat' dir='ltr'><strong>senectae</strong></span> <span class='ocrx_word' id='word_1_182' title='bbox 1120 2563 1176 2618; x_wconf 84' lang='grc'><strong>165</strong></span> 
     </span>
    </p>

    <p class='ocr_par' dir='ltr' id='par_1_26' title="bbox 208 2635 985 2709">
     <span class='ocr_line' id='line_1_27' title="bbox 208 2635 985 2709; baseline -0.004 -8"><span class='ocrx_word' id='word_1_183' title='bbox 208 2641 314 2701; x_wconf 89' lang='lat' dir='ltr'><strong>Debita</strong></span> <span class='ocrx_word' id='word_1_184' title='bbox 327 2648 386 2698; x_wconf 89' lang='lat' dir='ltr'><strong>erat</strong></span> <span class='ocrx_word' id='word_1_185' title='bbox 398 2647 512 2698; x_wconf 72' lang='lat' dir='ltr'><strong>nostrae.</strong></span> <span class='ocrx_word' id='word_1_186' title='bbox 552 2635 640 2709; x_wconf 80' lang='lat' dir='ltr'><strong>Qudd</strong></span> <span class='ocrx_word' id='word_1_187' title='bbox 653 2639 678 2696; x_wconf 90' lang='lat' dir='ltr'><strong>si</strong></span> <span class='ocrx_word' id='word_1_188' title='bbox 690 2635 839 2699; x_wconf 76' lang='lat' dir='ltr'><strong>immatuia</strong></span> <span class='ocrx_word' id='word_1_189' title='bbox 852 2639 985 2698; x_wconf 89' lang='lat' dir='ltr'><strong>manebat</strong></span> 
     </span>
    </p>

    <p class='ocr_par' dir='ltr' id='par_1_27' title="bbox 208 2716 933 2794">
     <span class='ocr_line' id='line_1_28' title="bbox 208 2716 933 2794; baseline -0.001 -16"><span class='ocrx_word' id='word_1_190' title='bbox 208 2720 289 2778; x_wconf 90' lang='lat' dir='ltr'><strong>Mors</strong></span> <span class='ocrx_word' id='word_1_191' title='bbox 303 2726 419 2793; x_wconf 92' lang='lat' dir='ltr'><strong>natum;</strong></span> <span class='ocrx_word' id='word_1_192' title='bbox 441 2718 522 2776; x_wconf 82' lang='lat' dir='ltr'><strong>caesis</strong></span> <span class='ocrx_word' id='word_1_193' title='bbox 535 2717 706 2776; x_wconf 88' lang='lat' dir='ltr'><strong>Volscorurn</strong></span> <span class='ocrx_word' id='word_1_194' title='bbox 719 2719 843 2776; x_wconf 89' lang='lat' dir='ltr'><strong>millibus</strong></span> <span class='ocrx_word' id='word_1_195' title='bbox 857 2716 933 2794; x_wconf 69' lang='lat' dir='ltr'><strong>unte,</strong></span> 
     </span>
    </p>

    <p class='ocr_par' dir='ltr' id='par_1_28' title="bbox 208 2797 968 2878">
     <span class='ocr_line' id='line_1_29' title="bbox 208 2797 968 2878; baseline 0 -22"><span class='ocrx_word' id='word_1_196' title='bbox 208 2799 372 2856; x_wconf 88' lang='lat' dir='ltr'><strong>Ducentem</strong></span> <span class='ocrx_word' id='word_1_197' title='bbox 386 2798 414 2855; x_wconf 94' lang='lat' dir='ltr'><strong>in</strong></span> <span class='ocrx_word' id='word_1_198' title='bbox 429 2797 544 2856; x_wconf 91' lang='lat' dir='ltr'><strong>Latium</strong></span> <span class='ocrx_word' id='word_1_199' title='bbox 559 2798 691 2856; x_wconf 85' lang='lat' dir='ltr'><strong>Teucros·</strong></span> <span class='ocrx_word' id='word_1_200' title='bbox 700 2797 838 2856; x_wconf 89' lang='lat' dir='ltr'><strong>cecidisse</strong></span> <span class='ocrx_word' id='word_1_201' title='bbox 848 2798 968 2878; x_wconf 80' lang='lat' dir='ltr'><strong>juvabit</strong></span> 
     </span>
    </p>

    <p class='ocr_par' dir='ltr' id='par_1_29' title="bbox 211 2875 877 2953">
     <span class='ocr_line' id='line_1_30' title="bbox 211 2875 877 2953; baseline 0 -19"><span class='ocrx_word' id='word_1_202' title='bbox 211 2875 289 2946; x_wconf 75' lang='lat' dir='ltr'><strong>Quin</strong></span> <span class='ocrx_word' id='word_1_203' title='bbox 303 2895 356 2952; x_wconf 85' lang='lat' dir='ltr'><strong>ego</strong></span> <span class='ocrx_word' id='word_1_204' title='bbox 370 2897 428 2936; x_wconf 89' lang='lat' dir='ltr'><strong>non</strong></span> <span class='ocrx_word' id='word_1_205' title='bbox 441 2876 497 2936; x_wconf 85' lang='lat' dir='ltr'><strong>alio</strong></span> <span class='ocrx_word' id='word_1_206' title='bbox 511 2877 610 2953; x_wconf 86' lang='lat' dir='ltr'><strong>digner</strong></span> <span class='ocrx_word' id='word_1_207' title='bbox 623 2886 651 2937; x_wconf 92' lang='lat' dir='ltr'><strong>te</strong></span> <span class='ocrx_word' id='word_1_208' title='bbox 664 2877 773 2951; x_wconf 88' lang='lat' dir='ltr'><strong>funere,</strong></span> <span class='ocrx_word' id='word_1_209' title='bbox 788 2877 877 2952; x_wconf 88' lang='lat' dir='ltr'><strong>Palla,</strong></span> 
     </span>
    </p>

    <p class='ocr_par' dir='ltr' id='par_1_30' title="bbox 211 2952 1176 3034">
     <span class='ocr_line' id='line_1_31' title="bbox 211 2952 1176 3034; baseline 0.001 -23"><span class='ocrx_word' id='word_1_210' title='bbox 211 2953 306 3025; x_wconf 73' lang='lat' dir='ltr'><strong>Quam</strong></span> <span class='ocrx_word' id='word_1_211' title='bbox 320 2957 385 3033; x_wconf 87' lang='lat' dir='ltr'><strong>pius</strong></span> <span class='ocrx_word' id='word_1_212' title='bbox 398 2957 517 3033; x_wconf 83' lang='lat' dir='ltr'><strong>AEneas,</strong></span> <span class='ocrx_word' id='word_1_213' title='bbox 532 2964 561 3015; x_wconf 90' lang='lat' dir='ltr'><strong>et</strong></span> <span class='ocrx_word' id='word_1_214' title='bbox 573 2954 660 3032; x_wconf 82' lang='lat' dir='ltr'><strong>qndm</strong></span> <span class='ocrx_word' id='word_1_215' title='bbox 674 2957 771 3033; x_wconf 82' lang='lat' dir='ltr'><strong>magni</strong></span> <span class='ocrx_word' id='word_1_216' title='bbox 784 2956 923 3034; x_wconf 82' lang='lat' dir='ltr'><strong>Phryges,</strong></span> <span class='ocrx_word' id='word_1_217' title='bbox 938 2963 967 3014; x_wconf 91' lang='lat' dir='ltr'><strong>et</strong></span> <span class='ocrx_word' id='word_1_218' title='bbox 980 2952 1065 3034; x_wconf 80' lang='lat' dir='ltr'><strong>qudrn</strong></span> <span class='ocrx_word' id='word_1_219' title='bbox 1120 2957 1176 3012; x_wconf 76' lang='lat' dir='ltr'><strong>lto</strong></span> 
     </span>
    </p>

    <p class='ocr_par' dir='ltr' id='par_1_31' title="bbox 210 3034 993 3111">
     <span class='ocr_line' id='line_1_32' title="bbox 210 3034 993 3111; baseline 0.001 -20"><span class='ocrx_word' id='word_1_220' title='bbox 210 3035 409 3110; x_wconf 87' lang='lat' dir='ltr'><strong>Tyrrhenique</strong></span> <span class='ocrx_word' id='word_1_221' title='bbox 422 3036 518 3111; x_wconf 88' lang='lat' dir='ltr'><strong>duces,</strong></span> <span class='ocrx_word' id='word_1_222' title='bbox 532 3035 713 3111; x_wconf 76' lang='lat' dir='ltr'><strong>Tyrrhenum</strong></span> <span class='ocrx_word' id='word_1_223' title='bbox 727 3036 868 3094; x_wconf 87' lang='lat' dir='ltr'><strong>exereitus</strong></span> <span class='ocrx_word' id='word_1_224' title='bbox 882 3034 993 3093; x_wconf 86' lang='lat' dir='ltr'><strong>omnis:</strong></span> 
     </span>
    </p>
   </div>
   <div class='ocr_carea' id='block_1_3' title="bbox 123 3112 968 3191">
    <p class='ocr_par' dir='ltr' id='par_1_32' title="bbox 123 3112 968 3191">
     <span class='ocr_line' id='line_1_33' title="bbox 123 3112 968 3191; baseline 0 -21"><span class='ocrx_word' id='word_1_225' title='bbox 123 3136 127 3143; x_wconf 88' lang='lat'>·</span> <span class='ocrx_word' id='word_1_226' title='bbox 210 3112 318 3188; x_wconf 84' lang='lat' dir='ltr'><strong>Magna</strong></span> <span class='ocrx_word' id='word_1_227' title='bbox 331 3123 437 3190; x_wconf 81' lang='lat' dir='ltr'><strong>tropaea</strong></span> <span class='ocrx_word' id='word_1_228' title='bbox 449 3114 551 3190; x_wconf 88' lang='lat' dir='ltr'><strong>ierunt,</strong></span> <span class='ocrx_word' id='word_1_229' title='bbox 566 3133 636 3191; x_wconf 87' lang='lat' dir='ltr'><strong>quos</strong></span> <span class='ocrx_word' id='word_1_230' title='bbox 650 3117 697 3174; x_wconf 88' lang='lat' dir='ltr'><strong>dat</strong></span> <span class='ocrx_word' id='word_1_231' title='bbox 710 3126 759 3174; x_wconf 85' lang='lat' dir='ltr'><strong>tua</strong></span> <span class='ocrx_word' id='word_1_232' title='bbox 772 3116 890 3174; x_wconf 85' lang='lat' dir='ltr'><strong>dextera</strong></span> <span class='ocrx_word' id='word_1_233' title='bbox 901 3114 968 3172; x_wconf 90' lang='lat' dir='ltr'><strong>leto.</strong></span> 
     </span>
    </p>
   </div>
   <div class='ocr_carea' id='block_1_4' title="bbox 211 3191 1177 3583">
    <p class='ocr_par' dir='ltr' id='par_1_33' title="bbox 211 3191 1102 3347">
     <span class='ocr_line' id='line_1_34' title="bbox 211 3191 1102 3268; baseline 0 -19"><span class='ocrx_word' id='word_1_234' title='bbox 211 3191 257 3248; x_wconf 92' lang='lat' dir='ltr'><strong>Tu</strong></span> <span class='ocrx_word' id='word_1_235' title='bbox 271 3207 383 3268; x_wconf 88' lang='lat' dir='ltr'><strong>quoqne</strong></span> <span class='ocrx_word' id='word_1_236' title='bbox 398 3212 473 3251; x_wconf 88' lang='lat' dir='ltr'><strong>nunc</strong></span> <span class='ocrx_word' id='word_1_237' title='bbox 487 3202 575 3251; x_wconf 87' lang='lat' dir='ltr'><strong>stares</strong></span> <span class='ocrx_word' id='word_1_238' title='bbox 588 3195 721 3252; x_wconf 90' lang='lat' dir='ltr'><strong>immanis</strong></span> <span class='ocrx_word' id='word_1_239' title='bbox 734 3202 850 3253; x_wconf 81' lang='lat' dir='ltr'><strong>truncus</strong></span> <span class='ocrx_word' id='word_1_240' title='bbox 862 3193 893 3250; x_wconf 92' lang='lat' dir='ltr'><strong>in</strong></span> <span class='ocrx_word' id='word_1_241' title='bbox 907 3192 1001 3268; x_wconf 87' lang='lat' dir='ltr'><strong>armis,</strong></span> <span class='ocrx_word' id='word_1_242' title='bbox 1098 3210 1102 3217; x_wconf 87' lang='lat'><strong>·</strong></span> 
     </span>
     <span class='ocr_line' id='line_1_35' title="bbox 211 3270 873 3347; baseline 0.002 -20"><span class='ocrx_word' id='word_1_243' title='bbox 211 3270 298 3329; x_wconf 87' lang='lat' dir='ltr'><strong>Esset</strong></span> <span class='ocrx_word' id='word_1_244' title='bbox 310 3290 361 3347; x_wconf 90' lang='lat' dir='ltr'><strong>par</strong></span> <span class='ocrx_word' id='word_1_245' title='bbox 375 3279 452 3344; x_wconf 78' lang='lat' dir='ltr'><strong>etas,</strong></span> <span class='ocrx_word' id='word_1_246' title='bbox 467 3279 496 3329; x_wconf 92' lang='lat' dir='ltr'><strong>et</strong></span> <span class='ocrx_word' id='word_1_247' title='bbox 508 3271 585 3329; x_wconf 90' lang='lat' dir='ltr'><strong>idem</strong></span> <span class='ocrx_word' id='word_1_248' title='bbox 599 3272 623 3328; x_wconf 92' lang='lat' dir='ltr'><strong>si</strong></span> <span class='ocrx_word' id='word_1_249' title='bbox 636 3272 720 3329; x_wconf 88' lang='lat' dir='ltr'><strong>robur</strong></span> <span class='ocrx_word' id='word_1_250' title='bbox 734 3271 873 3346; x_wconf 83' lang='lat' dir='ltr'><strong>abannis,</strong></span> 
     </span>
    </p>

    <p class='ocr_par' dir='ltr' id='par_1_34' title="bbox 211 3347 1177 3501">
     <span class='ocr_line' id='line_1_36' title="bbox 211 3347 1177 3424; baseline -0.001 -17"><span class='ocrx_word' id='word_1_251' title='bbox 211 3349 317 3408; x_wconf 86' lang='lat' dir='ltr'><strong>Turne.</strong></span> <span class='ocrx_word' id='word_1_252' title='bbox 360 3349 417 3406; x_wconf 88' lang='lat' dir='ltr'><strong>Sed</strong></span> <span class='ocrx_word' id='word_1_253' title='bbox 430 3348 531 3406; x_wconf 80' lang='lat' dir='ltr'><strong>infelix</strong></span> <span class='ocrx_word' id='word_1_254' title='bbox 544 3349 671 3406; x_wconf 83' lang='lat' dir='ltr'><strong>Teucros</strong></span> <span class='ocrx_word' id='word_1_255' title='bbox 685 3350 753 3424; x_wconf 90' lang='lat' dir='ltr'><strong>quid</strong></span> <span class='ocrx_word' id='word_1_256' title='bbox 767 3351 898 3408; x_wconf 89' lang='lat' dir='ltr'><strong>demoror</strong></span> <span class='ocrx_word' id='word_1_257' title='bbox 911 3347 1017 3405; x_wconf 88' lang='lat' dir='ltr'><strong>armis?</strong></span> <span class='ocrx_word' id='word_1_258' title='bbox 1120 3351 1177 3406; x_wconf 78' lang='lat'><strong>175</strong></span> 
     </span>
     <span class='ocr_line' id='line_1_37' title="bbox 211 3427 949 3501; baseline -0.004 -16"><span class='ocrx_word' id='word_1_259' title='bbox 211 3427 326 3501; x_wconf 88' lang='lat' dir='ltr'><strong>Vadite,</strong></span> <span class='ocrx_word' id='word_1_260' title='bbox 341 3434 370 3484; x_wconf 92' lang='lat' dir='ltr'><strong>et</strong></span> <span class='ocrx_word' id='word_1_261' title='bbox 382 3427 451 3484; x_wconf 77' lang='lat' dir='ltr'><strong>haec‘</strong></span> <span class='ocrx_word' id='word_1_262' title='bbox 459 3445 599 3484; x_wconf 89' lang='lat' dir='ltr'><strong>memores</strong></span> <span class='ocrx_word' id='word_1_263' title='bbox 612 3427 672 3501; x_wconf 87' lang='lat' dir='ltr'><strong>regi</strong></span> <span class='ocrx_word' id='word_1_264' title='bbox 686 3429 818 3485; x_wconf 89' lang='lat' dir='ltr'><strong>mandata</strong></span> <span class='ocrx_word' id='word_1_265' title='bbox 831 3428 949 3485; x_wconf 86' lang='lat' dir='ltr'><strong>referte:</strong></span> 
     </span>
    </p>

    <p class='ocr_par' dir='ltr' id='par_1_35' title="bbox 213 3503 960 3583">
     <span class='ocr_line' id='line_1_38' title="bbox 213 3503 960 3583; baseline -0.004 -18"><span class='ocrx_word' id='word_1_266' title='bbox 213 3503 299 3578; x_wconf 75' lang='lat' dir='ltr'><strong>Quod</strong></span> <span class='ocrx_word' id='word_1_267' title='bbox 312 3507 399 3564; x_wconf 88' lang='lat' dir='ltr'><strong>vitam</strong></span> <span class='ocrx_word' id='word_1_268' title='bbox 413 3525 505 3563; x_wconf 86' lang='lat' dir='ltr'><strong>moror</strong></span> <span class='ocrx_word' id='word_1_269' title='bbox 517 3505 647 3580; x_wconf 89' lang='lat' dir='ltr'><strong>invisam,</strong></span> <span class='ocrx_word' id='word_1_270' title='bbox 662 3505 792 3564; x_wconf 88' lang='lat' dir='ltr'><strong>Pallante</strong></span> <span class='ocrx_word' id='word_1_271' title='bbox 804 3512 960 3583; x_wconf 89' lang='lat' dir='ltr'><strong>perempto,</strong></span> 
     </span>
    </p>
   </div>
   <div class='ocr_carea' id='block_1_5' title="bbox 106 3585 1004 3661">
    <p class='ocr_par' dir='ltr' id='par_1_36' title="bbox 106 3585 1004 3661">
     <span class='ocr_line' id='line_1_39' title="bbox 106 3585 1004 3661; baseline 0.002 -21"><span class='ocrx_word' id='word_1_272' title='bbox 106 3633 110 3640; x_wconf 94' lang='lat'><em>.</em></span> <span class='ocrx_word' id='word_1_273' title='bbox 212 3589 339 3646; x_wconf 86' lang='lat' dir='ltr'><strong>Dextera</strong></span> <span class='ocrx_word' id='word_1_274' title='bbox 352 3603 437 3642; x_wconf 88' lang='lat' dir='ltr'><strong>cansa</strong></span> <span class='ocrx_word' id='word_1_275' title='bbox 450 3594 498 3643; x_wconf 82' lang='lat' dir='ltr'><strong>tuo</strong></span> <span class='ocrx_word' id='word_1_276' title='bbox 511 3593 563 3659; x_wconf 87' lang='lat' dir='ltr'><strong>est,</strong></span> <span class='ocrx_word' id='word_1_277' title='bbox 578 3585 862 3661; x_wconf 83' lang='lat' dir='ltr'><strong>Turnumgnatoque</strong></span> <span class='ocrx_word' id='word_1_278' title='bbox 875 3585 1004 3661; x_wconf 87' lang='lat' dir='ltr'><strong>patrique</strong></span> 
     </span>
    </p>
   </div>
   <div class='ocr_carea' id='block_1_6' title="bbox 214 3663 976 3739">
    <p class='ocr_par' dir='ltr' id='par_1_37' title="bbox 214 3663 976 3739">
     <span class='ocr_line' id='line_1_40' title="bbox 214 3663 976 3739; baseline -0.004 -14"><span class='ocrx_word' id='word_1_279' title='bbox 214 3668 309 3739; x_wconf 77' lang='lat' dir='ltr'><strong>Quam</strong></span> <span class='ocrx_word' id='word_1_280' title='bbox 324 3663 427 3723; x_wconf 91' lang='lat' dir='ltr'><strong>debere</strong></span> <span class='ocrx_word' id='word_1_281' title='bbox 440 3663 539 3720; x_wconf 91' lang='lat' dir='ltr'><strong>vides:</strong></span> <span class='ocrx_word' id='word_1_282' title='bbox 560 3663 667 3720; x_wconf 89' lang='lat' dir='ltr'><strong>meritis</strong></span> <span class='ocrx_word' id='word_1_283' title='bbox 680 3671 762 3722; x_wconf 86' lang='lat' dir='ltr'><strong>vacat</strong></span> <span class='ocrx_word' id='word_1_284' title='bbox 774 3663 821 3722; x_wconf 90' lang='lat' dir='ltr'><strong>hic</strong></span> <span class='ocrx_word' id='word_1_285' title='bbox 835 3663 886 3722; x_wconf 87' lang='lat' dir='ltr'><strong>u&#39;bi</strong></span> <span class='ocrx_word' id='word_1_286' title='bbox 900 3663 976 3722; x_wconf 85' lang='lat' dir='ltr'><strong>solus</strong></span> 
     </span>
    </p>
   </div>
   <div class='ocr_carea' id='block_1_7' title="bbox 149 3741 1293 3824">
    <p class='ocr_par' dir='ltr' id='par_1_38' title="bbox 149 3741 1293 3824">
     <span class='ocr_line' id='line_1_41' title="bbox 149 3741 1293 3824; baseline -0.006 -18"><span class='ocrx_word' id='word_1_287' title='bbox 149 3803 151 3812; x_wconf 29' lang='lat' dir='ltr'><em>s</em></span> <span class='ocrx_word' id='word_1_288' title='bbox 214 3749 406 3821; x_wconf 85' lang='lat' dir='ltr'><strong>Fortunaeque</strong></span> <span class='ocrx_word' id='word_1_289' title='bbox 419 3741 507 3800; x_wconf 85' lang='lat' dir='ltr'><strong>locus.</strong></span> <span class='ocrx_word' id='word_1_290' title='bbox 548 3742 616 3801; x_wconf 86' lang='lat' dir='ltr'><strong>Non</strong></span> <span class='ocrx_word' id='word_1_291' title='bbox 630 3743 696 3802; x_wconf 85' lang='lat' dir='ltr'><strong>vitae</strong></span> <span class='ocrx_word' id='word_1_292' title='bbox 710 3743 813 3820; x_wconf 83' lang='lat' dir='ltr'><strong>gaudia</strong></span> <span class='ocrx_word' id='word_1_293' title='bbox 825 3761 931 3820; x_wconf 80' lang='lat' dir='ltr'><strong>quero,</strong></span> <span class='ocrx_word' id='word_1_294' title='bbox 1122 3745 1178 3800; x_wconf 78' lang='lat'><strong>180</strong></span> <span class='ocrx_word' id='word_1_295' title='bbox 1292 3817 1293 3824; x_wconf 8' lang='grc' dir='ltr'>ἵ</span> 
     </span>
    </p>
   </div>
   <div class='ocr_carea' id='block_1_8' title="bbox 214 3821 950 4136">
    <p class='ocr_par' dir='ltr' id='par_1_39' title="bbox 214 3821 950 4136">
     <span class='ocr_line' id='line_1_42' title="bbox 214 3821 932 3899; baseline -0.01 -14"><span class='ocrx_word' id='word_1_296' title='bbox 214 3827 244 3886; x_wconf 94' lang='lat' dir='ltr'>N</span> <span class='ocrx_word' id='word_1_297' title='bbox 246 3845 279 3884; x_wconf 89' lang='lat' dir='ltr'><strong>ec</strong></span> <span class='ocrx_word' id='word_1_298' title='bbox 291 3825 353 3897; x_wconf 86' lang='lat' dir='ltr'><strong>las;</strong></span> <span class='ocrx_word' id='word_1_299' title='bbox 375 3824 425 3881; x_wconf 83' lang='lat' dir='ltr'><strong>sed</strong></span> <span class='ocrx_word' id='word_1_300' title='bbox 438 3829 523 3899; x_wconf 84' lang='lat' dir='ltr'><strong>gnato</strong></span> <span class='ocrx_word' id='word_1_301' title='bbox 537 3841 635 3880; x_wconf 86' lang='lat' dir='ltr'><strong>manes</strong></span> <span class='ocrx_word' id='word_1_302' title='bbox 648 3822 770 3898; x_wconf 82' lang='lat' dir='ltr'><strong>perferre</strong></span> <span class='ocrx_word' id='word_1_303' title='bbox 785 3821 837 3880; x_wconf 87' lang='lat' dir='ltr'><strong>sub</strong></span> <span class='ocrx_word' id='word_1_304' title='bbox 851 3823 932 3879; x_wconf 88' lang='lat' dir='ltr'><strong>imos.</strong></span> 
     </span>
     <span class='ocr_line' id='line_1_43' title="bbox 253 3900 897 3974; baseline -0.008 -13"><span class='ocrx_word' id='word_1_305' title='bbox 253 3905 362 3961; x_wconf 89' lang='lat' dir='ltr'><strong>Aurora</strong></span> <span class='ocrx_word' id='word_1_306' title='bbox 373 3903 482 3974; x_wconf 79' lang='lat' dir='ltr'><strong>interea</strong></span> <span class='ocrx_word' id='word_1_307' title='bbox 495 3901 604 3957; x_wconf 89' lang='lat' dir='ltr'><strong>miseris</strong></span> <span class='ocrx_word' id='word_1_308' title='bbox 619 3900 897 3958; x_wconf 83' lang='lat' dir='ltr'><strong>mortalibusalmam</strong></span> 
     </span>
     <span class='ocr_line' id='line_1_44' title="bbox 215 3972 945 4054; baseline -0.01 -15"><span class='ocrx_word' id='word_1_309' title='bbox 215 3982 365 4039; x_wconf 78' lang='lat' dir='ltr'><strong>E&#39;xtulerat</strong></span> <span class='ocrx_word' id='word_1_310' title='bbox 376 3972 479 4054; x_wconf 88' lang='lat' dir='ltr'><strong>lucem,</strong></span> <span class='ocrx_word' id='word_1_311' title='bbox 494 3978 618 4035; x_wconf 88' lang='lat' dir='ltr'><strong>referens</strong></span> <span class='ocrx_word' id='word_1_312' title='bbox 632 3997 717 4054; x_wconf 91' lang='lat' dir='ltr'><strong>opera</strong></span> <span class='ocrx_word' id='word_1_313' title='bbox 730 3985 813 4053; x_wconf 90' lang='lat' dir='ltr'><strong>atque</strong></span> <span class='ocrx_word' id='word_1_314' title='bbox 826 3977 945 4035; x_wconf 87' lang='lat' dir='ltr'><strong>labores.</strong></span> 
     </span>
     <span class='ocr_line' id='line_1_45' title="bbox 214 4053 950 4136; baseline -0.011 -18"><span class='ocrx_word' id='word_1_315' title='bbox 214 4061 229 4118; x_wconf 90' lang='lat' dir='ltr'>J</span> <span class='ocrx_word' id='word_1_316' title='bbox 233 4056 277 4117; x_wconf 74' lang='lat' dir='ltr'><strong>a&#39;ru</strong></span> <span class='ocrx_word' id='word_1_317' title='bbox 291 4071 372 4136; x_wconf 51' lang='lat' dir='ltr'><strong>pater¹</strong></span> <span class='ocrx_word' id='word_1_318' title='bbox 383 4060 501 4134; x_wconf 86' lang='lat' dir='ltr'><strong>AEneas,</strong></span> <span class='ocrx_word' id='word_1_319' title='bbox 512 4060 571 4136; x_wconf 83' lang='lat' dir='ltr'><strong>jorn</strong></span> <span class='ocrx_word' id='word_1_320' title='bbox 587 4075 672 4113; x_wconf 88' lang='lat' dir='ltr'><strong>curvo</strong></span> <span class='ocrx_word' id='word_1_321' title='bbox 686 4056 715 4112; x_wconf 93' lang='lat' dir='ltr'><strong>in</strong></span> <span class='ocrx_word' id='word_1_322' title='bbox 729 4055 821 4112; x_wconf 91' lang='lat' dir='ltr'><strong>littore</strong></span> <span class='ocrx_word' id='word_1_323' title='bbox 835 4053 950 4112; x_wconf 82' lang='lat' dir='ltr'><strong>Tarcho</strong></span> 
     </span>
    </p>
   </div>
   <div class='ocr_carea' id='block_1_9' title="bbox 0 0 1369 4488">
    <p class='ocr_par' dir='ltr' id='par_1_40' title="bbox 0 0 1369 4488">
     <span class='ocr_line' id='line_1_46' title="bbox 0 0 1369 4488; baseline 0 0"><span class='ocrx_word' id='word_1_324' title='bbox 0 0 1369 4488; x_wconf 95' lang='lat' dir='ltr'><strong> </strong></span> 
     </span>
    </p>
   </div>
  </div>
 </body>
</html>
