3076 4514
589 377 703 435 nmen
722 377 770 434 vl.

199 529 294 588 Axem
307 529 425 591 humero
438 535 549 606 torquet
561 528 651 588 stellis
664 525 826 588 ardentibus
839 535 945 606 aptum

200 608 296 688 Hujus
309 609 339 666 in
354 609 506 668 adrentum
515 609 576 685 jam
589 627 665 666 nunc
679 615 709 667 et
721 607 826 684 Cuspis
838 626 925 684 regne

199 686 359 764 Responsis
372 687 487 746 horrent
500 686 607 762 divium,
623 694 652 744 et
664 685 782 746 Meotie
795 685 888 762 tellus,

200 765 241 824 Et
254 765 469 843 septemgemini
482 764 596 824 turbent
608 765 717 900 trepide
729 764 801 823 ostis
812 764 884 846 ,ttilt

199 844 265 903 Nec
279 842 346 903 verb
360 844 476 903 Alcides
490 840 599 904 ortum
612 843 651 902 tel
662 844 720 902 uris
734 841 832 919 obivit,

200 923 311 982 Fixerit
324 922 476 1001 eripedem
490 941 602 981 cervum
615 917 693 999 licet,
708 928 755 980 sut
768 920 939 999 Erymsnthi

200 1001 314 1061 Poctirit
327 1021 450 1078 nemore,
465 1010 494 1060 et
507 1003 629 1060 Lernsm
642 1000 831 1059 tremefecerit
844 1019 926 1060 arcu:

200 1081 276 1156 Nec,
290 1081 340 1158 qui
352 1081 510 1159 pampineis
523 1079 613 1138 victor
623 1081 694 1158 jugo
705 1079 793 1138 flectit
805 1079 934 1158 habenis,

200 1159 295 1235 Liber,
311 1177 397 1236 egens
410 1159 487 1218 celso
500 1159 590 1236 Nysae
604 1158 641 1216 de
653 1158 759 1218 vertice
772 1158 867 1236 tigres.

201 1238 242 1297 Et
254 1238 417 1297 dubitemus
431 1239 525 1297 edhuc
537 1238 671 1297 virtutem
685 1237 838 1296 extendere
851 1238 953 1298 iactis?
1005 1247 1007 1256 '
1026 1295 1029 1302 .

200 1319 260 1375 Aut
272 1326 365 1376 metus
377 1316 506 1376 Ausonii
518 1315 651 1395 prohibet
664 1316 818 1375 consistere
831 1318 927 1376 terri?

202 1395 274 1467 Quis
287 1395 385 1474 procul
399 1396 447 1453 ille
461 1403 556 1454 eutem
569 1395 653 1453 nmis
667 1393 892 1470 insignis'olivre,

202 1475 289 1533 Sacro
301 1475 416 1533 serens?
437 1493 524 1532 nosco
537 1473 630 1553 crines
643 1473 802 1550 incenuque
815 1481 911 1533 mento

200 1554 289 1630 Regis
303 1553 437 1628 Romani,
451 1553 558 1630 primus
571 1552 622 1629 qui
634 1551 744 1629 legibus
757 1551 857 1610 urbem

200 1631 354 1708 Fundabit3
369 1631 492 1690 Curibus
504 1631 599 1710 purvis
612 1640 642 1691 et
653 1650 778 1709 psupere
792 1630 872 1690 terri·

200 1711 307 1770 Missus
320 1711 350 1768 in
363 1711 513 1789 imperium
526 1730 661 1787 magnum
674 1731 681 1768 :
702 1711 748 1770 cui
761 1709 865 1772 deinde
878 1706 984 1769 subibit

201 1789 267 1849 otia
280 1791 329 1868 qui
343 1798 456 1868 rumpet
468 1791 564 1868 petrice
578 1790 740 1868 residesque
753 1789 879 1850 movebit

200 1869 302 1928 Tullus
316 1869 345 1928 in
360 1888 439 1928 ermu
450 1870 537 1966 viros,
549 1871 648 1948 etjam
662 1870 780 1928 desueto
792 1867 941 1946 triumphis

199 1949 342 2025 Agmine:
363 1968 448 2026 quem
457 1951 542 2028 juxto
557 1949 683 2025 sequitur
691 1949 843 2028 jactantior
855 1951 964 2025 Ancus,

194 2029 288 2088 ¹Nunc
303 2045 415 2104 quoqne
426 2029 487 2107 jum
501 2025 621 2087 nimidm
635 2029 761 2104 gaudens
774 2026 958 2105 popularibus
973 2027 1055 2092 unns.

199 2107 254 2165 Vis
268 2115 297 2166 et
309 2107 480 2184 Turquinios
494 2125 584 2182 reges,
599 2107 778 2183 animumque
791 2105 941 2185 superbum

200 2186 308 2247 Ultoris
322 2187 412 2262 Bruti,
426 2186 573 2262 fascesque
586 2185 683 2244 videre
697 2188 847 2263 receptos?

200 2265 334 2324 Consulis
347 2265 497 2344 imperium
510 2265 558 2324 hic
571 2267 679 2342 primus
692 2283 838 2343 serusque
851 2283 965 2324 secures

199 2344 351 2422 Accipiet;
372 2353 509 2422 notosque
522 2353 610 2422 puter,
624 2363 700 2403 nove
712 2343 787 2402 bellu
801 2353 957 2421 moventes,

199 2425 247 2482 Ad
260 2443 372 2500 poensm
386 2425 504 2504 pulchri
537 2444 567 2482 ro
580 2424 709 2483 libertate
722 2423 843 2484 vocubit.

201 2502 323 2561 Infelix!
345 2512 496 2580 utcumque
510 2444 601 2562 tllrent
613 2522 648 2562 eu
660 2503 734 2561 luctu
747 2503 879 2579 minores,

203 2581 309 2639 Vincet
322 2601 399 2640 amor
410 2582 516 2659 putriae,
530 2583 702 2657 laudumque
715 2581 854 2640 immense
866 2581 979 2658 cupido.

201 2660 280 2731 Quin
294 2659 410 2734 Decios,
424 2660 589 2747 Drusosque
602 2658 709 2736 procul,
724 2679 889 2736 saevumque
902 2660 995 2718 securi

201 2738 326 2814 Adspice
340 2737 524 2813 Torquatum,
539 2745 567 2796 et
580 2738 747 2796 referentem
761 2738 842 2813 signu
855 2738 1016 2797 Camillum.

202 2815 263 2874 Illae
278 2824 382 2890 entem,
396 2815 511 2892 peribus
524 2834 594 2890 quus
607 2815 715 2890 fulgere
728 2817 821 2874 cernis
834 2816 863 2873 in
878 2816 972 2892 ermis,

202 2895 365 2954 Concordes
379 2894 480 2954 snimae
493 2913 580 2968 nunc,
594 2901 624 2951 et
636 2894 703 2952 dum
717 2902 801 2952 nocte
813 2895 986 2972 prementur,

202 2974 288 3033 Heu!
309 2983 445 3050 quantum
458 2972 532 3032 inter
542 2991 576 3031 se
589 2971 707 3047 bellum,
722 2972 745 3030 si
757 2972 858 3031 limine
868 2973 935 3032 vitre

203 3053 364 3130 Attigerint,
380 3060 498 3130 quantes
513 3051 588 3110 ecies
601 3058 778 3129 stragemque
791 3051 916 3129 ciebunt,

203 3133 363 3210 Aggeribus
375 3150 455 3191 socer
467 3130 580 3210 Alpinis
594 3137 678 3207 utque
692 3149 756 3190 urce
769 3131 900 3192 Monoeci

203 3213 399 3288 Descendens,
414 3229 501 3286 gener
514 3209 637 3269 adversis
651 3210 804 3270 instructus
818 3209 889 3270 Eois
901 3210 908 3267 l

203 3291 261 3366 Ne,
275 3291 364 3369 pueri,
378 3297 506 3348 uetante
518 3289 619 3348 animis
633 3290 786 3349 assuescite
799 3289 893 3364 bellu;

203 3369 271 3428 Neu
284 3369 380 3446 petrice
392 3369 500 3428 vulidss
512 3369 542 3428 in
556 3370 664 3428 viscere
675 3369 776 3429 vertite
789 3369 873 3428 vires.

94 3505 95 3513 ,
204 3447 307 3524 Tuque
320 3448 404 3524 prior,
418 3455 450 3506 tu
463 3467 558 3526 perce,
572 3467 661 3541 genus
674 3447 724 3524 qui
737 3448 817 3508 ducis
831 3447 954 3526 Olympo
965 3466 974 3528 ς

204 3525 318 3604 Projice
331 3526 388 3584 tela
401 3545 495 3602 menn,
510 3544 623 3602 sengurs
637 3546 726 3584 mens.

206 3604 259 3663 llle
271 3603 442 3681 triumpbsti
456 3603 598 3682 Capitolia
611 3605 646 3662 sd
660 3605 716 3662 ulto
728 3605 866 3664 Corintho

204 3683 304 3742 Victor
317 3689 382 3759 eget
394 3701 515 3758 currum,
530 3683 612 3741 cesis
625 3682 743 3760 insignis
756 3684 884 3743 Achivis.

204 3763 295 3822 Eruet
307 3760 355 3820 ille
368 3762 469 3836 Argos,
482 3761 780 3839 Agamemnoniasque
794 3761 942 3839 Mycenes,

205 3841 359 3919 Ipsumque
372 3838 524 3915 AEuciden,
539 3851 628 3915 genus
642 3840 833 3916 armipotentis
846 3839 974 3913 Achilli;

88 3980 89 3983 ,
205 3920 291 3980 Ultus
305 3939 372 3979 usos
385 3919 491 3996 Trojse,
505 3917 654 3996 tempiset
666 3919 964 3978 temereteMinervae.
1110 3922 1168 3978 840

206 3999 278 4072 Quis
292 4007 330 4076 te,
344 4017 446 4075 magne
460 3998 542 4074 Coto,
556 3997 682 4075 tacitum,
696 3993 745 4056 uult
757 4006 796 4074 te,
810 3997 910 4072 (losse,
924 3996 1085 4074 relinqust²
