2712 4488
517 495 630 552 LIBER
648 497 712 552 v11.

134 645 220 704 Hanc
234 665 367 724 operam3
388 664 425 704 ne
438 652 535 703 noster
546 645 638 704 honos
651 646 804 708 infractave
817 651 900 712 cedat

133 726 225 785 Fama
237 726 318 798 loco;
339 744 396 784 neu
409 724 558 783 connubiis
573 725 679 784 ambire
693 727 826 804 Latinum

134 805 275 863 AEnendoe
288 805 407 883 possint,
422 802 547 862 Italosve
560 803 693 864 obsidere
706 805 788 866 fines.

134 883 182 942 Tu
195 892 276 961 potes
289 885 437 942 unanimos
451 901 559 941 armam
572 883 602 941 in
616 880 717 961 proelia
728 884 835 962 iratres,
930 951 933 954 ,

133 965 230 1040 Atque
243 963 314 1021 odiis
327 981 438 1021 versare
452 962 570 1021 domos:
591 970 624 1022 tu
636 962 755 1022 verbera
767 965 849 1024 tectis

134 1041 338 1118 Funereasque
351 1041 454 1100 inferre
467 1041 562 1100 seces:
584 1041 637 1100 tibi
649 1042 767 1103 nomina
776 1043 868 1121 mille,

134 1121 217 1179 Mille
231 1120 352 1179 nocendi
366 1127 457 1178 artes:
478 1120 645 1179 ioecundum
659 1130 781 1181 concute
793 1132 904 1200 pectus,
944 1178 950 1188 ,
988 1141 994 1156 ·

134 1199 439 1337 Disjicqcompositam
452 1203 564 1276 pacem]
578 1217 640 1258 sere
654 1200 773 1260 crimina
786 1200 872 1262 belli:
898 1218 920 1256 cr
1001 1229 1004 1236 .

138 1281 222 1336 Arma
254 1278 313 1354 elit,
326 1285 482 1357 poscatque
496 1278 590 1353 simui
604 1278 749 1356 rapiatque
759 1281 910 1359 juventus.¹

173 1357 251 1415 Exin
266 1357 424 1434 Gorgoneis
436 1356 550 1415 Allecto
563 1357 669 1415 iniecta
680 1359 800 1418 venenis

133 1435 279 1514 Principio
293 1438 407 1495 Latium
421 1442 450 1493 et
463 1435 613 1493 Laurentis
627 1444 702 1494 tectu
714 1438 826 1513 tyranni
863 1479 875 1500 e

134 1515 220 1573 Celsa
232 1515 311 1592 petit,
325 1509 499 1591 tscimmque
513 1512 623 1573 obsedit
636 1515 723 1574 limen
737 1515 868 1576 matu:

1 1603 2 1634 1
58 1655 59 1658 Ἴ
134 1594 230 1665 Quam
244 1612 329 1671 super
341 1593 465 1651 adventu
478 1592 633 1669 Teucrum,
648 1592 796 1670 Turnique
809 1595 976 1679 hymenaeis,

74 1726 83 1750 k
133 1671 291 1731 Femineae
305 1672 450 1730 ardentem
464 1689 596 1748 curaeque
609 1672 714 1750 iraque
728 1672 895 1752 coquebant.
934 1708 938 1736 2
1004 1703 1009 1716 ·

101 1783 104 1790 ι
133 1749 211 1809 Huic
225 1751 279 1810 dea
291 1749 420 1810 ceruleis
434 1769 524 1809 unum
537 1751 573 1808 de
588 1751 848 1829 crinibus'augriem

1 1803 2 1840 ³
95 1841 110 1880 t·
133 1824 267 1911 C‘onjicit,
280 1831 368 1908 inque
381 1830 475 1889 sinum
488 1830 643 1908 precordia
656 1831 692 1889 ad
705 1831 805 1891 intima
817 1831 920 1908 subdit,

57 1911 71 1934 ²
134 1907 200 1981 Quo
213 1909 364 1968 furibunda
376 1910 494 1968 domum
508 1917 633 1968 monstro
646 1911 815 1987 permisceat
828 1931 950 1974 omnem.

103 2057 104 2064 ἵ
134 1988 187 2047 Ille
200 1989 274 2048 inter
285 1997 380 2047 vestes
393 1996 422 2047 et
435 1988 510 2047 levia
522 1995 637 2066 pectora
650 1989 746 2067 lapsus

98 2105 105 2127 1
132 2067 382 2127 Volviturattactu
395 2067 484 2144 nulio,
498 2067 626 2144 fallitque
639 2068 789 2145 furentem,

1 2147 5 2154 '
109 2199 111 2202 .
132 2147 287 2224 'Vipeream
301 2147 441 2224 inspirans
454 2147 596 2205 animam:
618 2147 651 2205 fit
663 2147 755 2206 tortile
769 2148 844 2208 colio

132 2228 243 2285 Aurum
254 2227 356 2304 ingens
369 2226 502 2300 coiuber;
524 2227 556 2285 fit
569 2226 661 2302 longe
675 2225 762 2286 tenio
773 2227 861 2303 vitta,

133 2305 312 2382 Innectitque
326 2325 431 2378 comes,
446 2313 475 2364 et
487 2305 622 2364 membris
635 2305 760 2364 lubricus
774 2315 854 2366 errat.
896 2313 897 2316 ’

86 2398 106 2456 ς
132 2387 176 2443 Ac
189 2385 257 2444 dum
270 2386 361 2462 prima
373 2385 435 2443 lues
448 2386 506 2444 udo
520 2385 654 2463 sublapsa
666 2390 779 2444 veneno
926 2439 928 2442 .

81 2481 103 2543 ς·
132 2463 277 2523 Pertentat
290 2483 400 2540 sensus,
415 2471 499 2541 atque
512 2465 623 2524 ossibus
636 2465 764 2543 implicat
776 2464 881 2541 ignens,

94 2541 99 2548 ”
132 2541 267 2602 Necdum
281 2543 393 2619 animus
407 2551 465 2602 toto
478 2545 607 2622 percepit
618 2552 734 2622 pectore
747 2543 899 2620 flammam,

132 2618 262 2698 Mollids,
276 2631 304 2680 et
317 2623 398 2681 solito
412 2630 532 2696 manum
546 2624 684 2698 demere,
697 2623 794 2682 locuta
807 2631 859 2699 est,

133 2701 228 2759 Multa
241 2719 324 2777 super
336 2702 402 2760 nati
415 2701 582 2778 lacrymans,
596 2700 785 2778 Phrygiisque
798 2701 973 2779 hymenaeis:

171 2777 365 2838 Exsulibusne
378 2780 459 2836 datur
472 2779 603 2837 ducende
616 2780 735 2838 Lavinia
748 2780 876 2854 Teucris,

134 2857 159 2916 0
174 2853 304 2934 genitor?
324 2864 420 2915 necte
434 2857 549 2915 miseret
561 2865 702 2934 netaeque,
715 2858 835 2934 tuique?
894 2895 897 2901 ι

133 2936 164 2995 N
165 2955 198 2994 ec
213 2935 307 2994 matris
321 2935 444 3010 miseret,
459 2935 648 3012 quamprimo
662 2934 794 3012 aquilone
808 2935 947 3014 relinquet

132 3015 272 3088 Perfidus,
287 3013 343 3073 alta
355 3021 455 3091 petens
468 3013 590 3072 abducti
602 3013 727 3090 uirgine,-
735 3014 853 3090 predo?

133 3097 172 3154 At
184 3114 242 3153 non
256 3093 296 3152 sic
308 3093 451 3170 Phrygius
464 3099 593 3170 penetret
605 3093 813 3150 Lacedaemona
825 3099 928 3170 pastor,

2 3170 6 3187 '
28 3239 31 3246 ‚
133 3175 324 3250 Ledreamque
337 3172 481 3230 Helenam
495 3171 635 3252 'ProJanas
647 3171 727 3230 vexit
739 3169 775 3230 ad
788 3171 895 3230 urbes?

134 3251 212 3325 Quid
225 3260 274 3311 tua
287 3259 383 3311 sancta
396 3247 476 3327 fides,
490 3250 559 3328 quid
573 3269 639 3310 cura
653 3250 767 3328 antiqua
779 3258 901 3326 tuorum,

133 3332 174 3392 Et
186 3331 396 3408 consanguineo
408 3331 491 3390 toties
504 3331 569 3388 data
582 3331 698 3389 dextera
711 3329 831 3388 Turno?

135 3411 167 3469 Si
180 3430 267 3487 gener
280 3411 398 3470 externi
410 3411 514 3487 petitur
523 3410 559 3468 de
572 3417 656 3486 gente
670 3407 788 3483 Latinis,

134 3489 226 3566 quue
239 3491 327 3566 sedet,
341 3490 490 3566 Faunique
502 3497 636 3566 premunt
648 3496 676 3547 te
684 3490 765 3566 jussa
776 3487 920 3564 parentis3

135 3567 258 3627 Omnem
271 3568 403 3645 equidem
416 3567 533 3644 sceptris
546 3571 647 3625 terram
660 3585 724 3643 quse
737 3564 827 3626 libera
837 3565 940 3626 nostris

11 3705 13 3710 ,
135 3645 263 3724 Dissidet
275 3653 421 3704 externam
433 3665 505 3722 reor,
519 3652 549 3703 et
561 3645 601 3702 sic
614 3645 708 3703 dicere
721 3644 810 3704 divos.
860 3688 885 3723 ,ἦ

135 3721 802 3800 EtTurno,siprimsdomrisrepetaturorigo,
878 3773 883 3783 x
936 3745 966 3766 «·-·
998 3752 1003 3762 =
1050 3740 1061 3772 a.
1106 3767 1107 3770 ,

136 3803 259 3864 Inachus
273 3801 454 3879 Acrisiusque
466 3809 569 3880 patres,
583 3796 740 3878 medieque
753 3803 905 3879 Mycenes

174 3883 229 3941 His
242 3881 292 3941 ubi
305 3881 495 3958 nequidquam
509 3879 591 3938 dictis
604 3888 719 3956 experta
730 3881 863 3939 Latinum

110 3985 113 3994 ¹
137 3959 242 4022 Gontrd
256 3969 329 4099 stapel
339 3959 429 4074 ⁴pidet,
442 3954 612 4037 penitusque
624 3957 654 4015 in
666 3957 775 4018 viscera
786 3958 898 4034 lapsum
