3128 4456
667 337 819 394 ECLOGA
837 339 872 393 X.

280 605 396 664 Desine
409 581 501 684 plura,
515 626 606 685 puer3
627 615 657 682 et
670 547 838 687 quintilli}
850 608 937 668 instat
949 629 1076 686 aganms.

281 684 423 743 Carmina
435 693 497 744 tum
511 683 625 763 melius,
640 706 730 764 quum
743 688 854 746 venerit
866 687 938 766 ipse,
952 707 1098 748 canemus.

662 891 870 902 ———

602 1004 847 1082 ECLOGA
872 1006 932 1083 X.

700 1267 833 1322 GALLUS.

162 1383 166 1388 ’
218 1378 220 1388 ·
278 1363 460 1422 Exsnnuuna
474 1363 563 1438 bunc,
577 1362 731 1438 Arethusa,
746 1363 819 1420 mihi
832 1363 959 1421 concede
972 1363 1119 1424 laborem:

278 1443 379 1502 Pauca
392 1461 457 1500 meo
472 1441 566 1515 Gallo,
581 1441 633 1498 sed
646 1459 711 1518 quas
725 1441 802 1517 legat
812 1441 877 1517 ipsa
890 1443 1018 1518 Lycoris,
1061 1473 1062 1476 ¹

279 1521 417 1580 Carmina
430 1528 497 1579 sunt
510 1519 650 1577 dicenda:
677 1529 764 1596 neget
776 1519 840 1616 quis
855 1519 982 1578 carmina
996 1521 1101 1580 Gallo?

280 1600 330 1658 Sic
344 1599 405 1676 tibi,
420 1619 509 1677 quum
523 1599 629 1657 fluctus
643 1599 835 1658 subterlabere
850 1599 979 1676 Sicanos,

278 1679 368 1738 Doris
382 1698 478 1738 amara
491 1697 573 1736 suam
586 1697 645 1736 non
656 1678 851 1736 intermisceat
862 1678 986 1736 undam!
1160 1721 1164 1730 ·
1231 1685 1250 1740 5

279 1758 399 1835 Incipe:
420 1757 557 1817 sollicitos
572 1756 648 1815 Galli
661 1757 792 1816 dicamus
805 1775 926 1834 amores,

279 1837 361 1896 Dum
374 1845 473 1901 tenera
481 1837 634 1896 'attondent
647 1836 728 1894 sime
741 1836 863 1912 virgulta
876 1835 1007 1913 capelle.

279 1915 349 1976 Non
362 1917 494 1976 cauimus
508 1914 618 1989 surdis3
639 1915 815 1992 respondent
828 1915 926 1973 omnia
938 1915 1027 1975 silvae.

320 1995 395 2066 Quo
408 2014 537 2071 nemora,
551 2001 601 2053 aut
614 1994 664 2072 qui
676 2013 728 2053 vos
742 1995 829 2053 saltus
842 1991 980 2070 habuere,
990 1994 1098 2073 puellae

279 2073 400 2150 Naides,
414 2074 532 2150 indigno
546 2093 636 2151 quum
651 2073 751 2132 Gallus
765 2093 862 2132 amore
875 2073 1001 2152 periret?
1209 2077 1248 2134 to

280 2152 357 2212 Nam
371 2171 466 2230 neque
478 2153 612 2212 Parnassi
624 2153 706 2212 vobis
716 2154 796 2232 juga,
806 2172 874 2212 nam
888 2171 983 2231 neque
997 2152 1084 2214 Pindi
1188 2150 1193 2162 '

280 2231 349 2292 Ulla
361 2250 471 2290 moram
484 2229 590 2310 secere,
604 2251 700 2310 neque
713 2233 808 2292 Aonia
819 2231 983 2309 Aganippe.
1079 2281 1083 2288 .

157 2341 159 2346 2
281 2309 368 2369 lllnm
382 2310 468 2370 etiam
481 2310 562 2386 lauri,
577 2311 663 2370 etiam
676 2309 782 2370 flevere
796 2312 932 2388 myrice,

280 2388 389 2450 Pinifer
401 2389 483 2448 illum
498 2390 584 2449 etiam
598 2390 658 2448 soli
672 2390 726 2448 sub
739 2410 811 2469 rupe
820 2393 967 2469 jacentem

279 2469 421 2528 Maenalus
436 2476 465 2527 et
477 2469 565 2546 gelidi
576 2466 718 2529 fleverunt
730 2490 800 2529 sans
811 2469 921 2547 Lycaei.
1211 2471 1247 2526 15

223 2581 226 2588 -
281 2547 363 2606 Stant
376 2557 405 2608 et
418 2567 487 2607 oves
501 2543 629 2624 circdm3
650 2549 739 2608 nostri
752 2568 807 2607 nec
820 2549 941 2627 penitet
952 2546 1032 2606 illas:

280 2626 344 2685 Nec
357 2634 386 2686 te
399 2627 537 2705 paeniteat
549 2628 672 2705 pecoris,
687 2627 783 2686 divine
796 2631 899 2706 poeta3

280 2705 319 2764 Et
330 2704 470 2764 formosus
485 2725 554 2764 oves
568 2707 603 2765 od
616 2705 737 2764 flumina
748 2707 828 2784 pavit
840 2706 961 2764 Adonis.

316 2783 407 2843 Venit
419 2791 448 2842 et
460 2784 567 2862 upilio;
588 2785 661 2843 tardi
673 2782 780 2843 venire
792 2783 930 2857 bubulci;
1208 2785 1246 2840 20

281 2861 392 2928 Usidus
404 2861 525 2922 hiberni
537 2863 617 2921 venit
630 2862 666 2920 de
680 2862 784 2938 glande
797 2859 967 2920 Menalcas:

282 2941 397 3017 Omnes,
412 2941 499 3002 Unde
513 2961 592 3000 amor
604 2941 668 3016 iste,
682 2948 791 3018 rogant,
804 2939 877 2999 tibi?
917 2939 1008 2998 Venit
1019 2937 1144 3017 Apollo:

282 3021 370 3097 Galle,
385 3020 454 3098 quid
466 3020 595 3079 insanis?
608 3020 728 3097 inquit:
749 3027 799 3079 tua
813 3038 882 3078 aura
895 3018 1014 3098 Lycoris

280 3100 390 3178 Perque
403 3098 484 3158 nives
498 3099 585 3158 alium
598 3118 708 3176 perque
720 3097 836 3157 horrida
848 3105 941 3157 castra
954 3103 1054 3156 secuta
1067 3104 1119 3155 est

280 3178 370 3239 Venit
383 3187 412 3238 et
425 3179 528 3256 agresti
542 3177 644 3257 capitis
657 3178 796 3237 'Silvanus
808 3176 927 3254 honore,

280 3257 426 3318 Florentes
439 3257 545 3317 seniles
558 3270 587 3317 et
600 3258 717 3335 grandia
729 3257 789 3317 lilia
802 3276 949 3338 quassans.
1208 3258 1246 3315 25

281 3337 348 3414 Pan,
363 3338 435 3396 deus
448 3337 591 3413 Arcadie,
605 3337 694 3412 venit,
709 3355 796 3412 quem
809 3336 935 3394 vidimus
947 3335 1005 3414 ipsi

283 3416 449 3492 Sanguiueis
463 3415 541 3474 ebuli
552 3415 651 3474 baccis
665 3416 811 3492 minioque
824 3415 993 3474 rubentem:
1047 3471 1052 3481 ,

282 3495 387 3576 Ecquis
402 3496 455 3555 erit
468 3496 591 3553 modus?
612 3494 721 3570 inquit;
742 3496 833 3554 Amor
845 3513 903 3552 non
916 3492 985 3552 talia
998 3498 1095 3550 curat:

282 3574 343 3633 Nec
356 3573 491 3651 lacrymis
505 3573 742 3648 crudelis'Amor,
757 3592 812 3632 nec
826 3572 956 3649 gramina
967 3570 1046 3645 rivis,

282 3653 343 3713 Nec
357 3653 448 3730 cytiso
461 3660 620 3711 saturantur
634 3671 711 3730 apes,
725 3671 779 3710 neo
793 3652 893 3710 fronde
908 3650 1037 3726 capellae.
1207 3650 1245 3706 30
1353 3693 1354 3701 ,

316 3731 418 3792 Tristis
433 3731 531 3807 atille,
546 3731 660 3789 Tamen
674 3731 834 3806 cantabitis,
848 3731 987 3804 Arcades,
1001 3727 1103 3805 iuquit,

176 3807 178 3814 '
283 3811 429 3871 Montibus
441 3811 506 3869 haec
519 3811 637 3868 vestris:
658 3809 712 3868 soli
725 3817 839 3868 cantare
852 3808 937 3886 periti

283 3891 412 3951 Arcades.
455 3888 566 3950 Omihi
580 3897 642 3948 tum
656 3885 743 3966 quim
758 3889 881 3947 molliter
894 3905 959 3945 ossa
971 3884 1128 3962 quiescant,
