2712 4488
418 391 421 398 '
526 411 640 466 urana
658 413 692 466 x.

124 557 184 616 Per
196 558 325 618 tunicam
339 558 516 636 squalentem
530 578 610 634 auro,
621 559 694 618 lutus
703 559 799 620 haurit
811 571 950 640 opertum.

126 637 201 695 Inde
216 637 327 696 Lichan
342 637 414 713 serit,
428 651 575 696 exsectum
586 640 648 716 jam
661 648 749 698 matre
762 642 921 720 perempti,

126 715 168 773 Et
180 716 244 788 tibi,
259 716 378 792 Phoebe,
392 736 512 792 socrum,
526 736 609 786 casus
624 718 746 776 erodere
759 717 826 776 lerri
877 741 879 748 ’

127 791 218 866 Qudd
231 794 312 854 licuit
323 814 420 872 parvo.
461 796 492 855 N
493 815 526 853 ec
539 792 624 872 longd
639 795 740 854 Cissea
752 796 864 874 durum,

127 872 348 951 Immunemque
363 875 455 950 Gyan,
465 883 627 933 sternentes
641 875 754 950 agmina
766 871 856 952 elavi,

126 951 248 1031 Dejecit
259 952 325 1011 leto.
366 953 449 1012 Nihil
462 953 527 1010 illos
540 953 674 1012 Herculis
688 969 774 1028 erma,

126 1031 195 1096 Noc
208 1030 310 1089 valide
319 1029 421 1110 juvere
435 1049 545 1107 manus,
559 1031 725 1109 genitorque
739 1032 914 1110 Melampus,

126 1109 240 1168 Aloidae
254 1127 399 1168 comesus
419 1130 457 1169 ue
470 1128 569 1186 graves
583 1109 739 1172 dumterra
752 1109 863 1171 labores

127 1187 265 1247 Praebuit
307 1188 386 1247 Ecce
399 1131 503 1264 dhare,
516 1207 603 1247 voces
616 1187 684 1246 dum
693 1189 784 1266 jactet
792 1190 909 1268 inertes,

128 1267 299 1344 Intorquens
309 1267 440 1346 jaculum
453 1266 586 1326 clementi
599 1266 672 1325 sistit
683 1267 714 1324 ia
728 1287 785 1326 ore.

127 1346 176 1404 Tu
191 1365 313 1423 quoque,
327 1345 478 1405 tlsveutem
491 1343 582 1423 primi
594 1344 728 1421 lanugine
742 1347 830 1406 molas
1024 1395 1026 1400 .

126 1425 209 1482 Dum
224 1425 349 1501 sequeris
364 1424 491 1500 Clytium
504 1423 613 1498 infelix,
623 1443 702 1482 nove
715 1424 825 1502 gaudie,
841 1427 953 1504 Cydon,

127 1503 277 1561 Dardanii
291 1511 392 1562 stratus
406 1503 515 1577 dextri,
530 1521 645 1561 securus
658 1521 795 1578 amorum,
847 1569 850 1579 Δ

129 1583 190 1653 Qui
200 1585 342 1661 Juvenum
356 1581 407 1640 tibi
419 1581 533 1658 semper
544 1589 634 1656 eraut,
649 1581 817 1658 miserande,
828 1584 949 1674 jaceres,
1001 1615 1005 1624 ·

127 1662 170 1720 Ni
184 1661 301 1720 sistrum
315 1660 416 1740 stipate
429 1659 530 1718 cohors
543 1659 615 1718 soret
627 1659 720 1736 obvio,
733 1660 839 1720 Phorci

127 1740 303 1817 Progenies;
325 1743 434 1817 septem
448 1758 565 1798 numero
578 1747 752 1816 septenoque
765 1740 823 1798 tela

128 1818 313 1898 conjiciunt:
334 1819 435 1897 partim
448 1818 529 1895 galeti
542 1819 699 1896 clypeoque
713 1818 849 1880 resultant
956 1871 963 1892 ‚,

113 1913 116 1919 ·
129 1897 231 1971 Irrita,
253 1898 370 1957 deflexit
382 1898 484 1976 partim
497 1897 662 1980 stringentia
673 1917 777 1975 corpus
793 1923 825 1973 st*
833 1915 870 1966 [c
879 1907 920 1978 ‘q‘-
932 1893 989 1940 ΝΜ

128 1978 217 2036 Alma
230 1977 340 2036 Venus.
380 1977 485 2036 Fidum·
498 1977 609 2036 AEneas
623 1975 723 2035 effatur
736 1976 868 2035 Achaten
876 1979 899 2034 ν’

131 2057 259 2132 Suggere
273 2055 330 2115 tela
341 2056 422 2131 mibi,
435 2075 494 2114 nou
505 2055 597 2114 ullum
612 2057 728 2115 dextera
741 2055 842 2115 frustra

130 2135 258 2194 Torserit
270 2134 300 2193 in
312 2135 446 2210 Ruudos,
460 2139 675 2212 steteruntque
689 2135 718 2194 in
732 2153 849 2213 corpore
862 2133 983 2194 eratum

131 2215 227 2273 Iliacis
237 2231 298 2290 cam
319 2214 352 2272 is.
393 2213 468 2272 Tum
483 2233 614 2290 maguam
624 2214 739 2292 corripit
751 2214 871 2291 bustam,

131 2293 172 2352 Et
181 2286 269 2373 jacit:
290 2233 339 2351 iba
351 2293 450 2352 volans
463 2292 556 2371 clypei
568 2293 776 2352 transverberat
788 2311 850 2352 sera·

130 2372 264 2448 Maeonis,
278 2381 308 2432 et
318 2372 434 2431 thoroso
447 2373 531 2431 simul
545 2391 612 2430 cum
624 2381 739 2450 pectore
752 2373 865 2450 rumpit.

132 2453 211 2510 Huic
224 2451 307 2510 frater
319 2451 394 2510 subit
406 2452 539 2528 Alcanor,
553 2452 722 2530 fratremque
735 2459 866 2510 ruentem

133 2532 277 2591 Sustentat
290 2531 405 2589 dextri:
425 2533 542 2610 trajecto
556 2531 642 2590 missa
655 2530 761 2588 lacerto

131 2611 264 2670 Protinus
276 2608 357 2668 busta
369 2609 449 2684 fugit,
463 2617 610 2687 servatque
624 2617 743 2668 cruenta
754 2617 900 2683 tenorem3

132 2687 315 2763 Dextersque
329 2703 365 2745 ex
378 2687 496 2744 humero
510 2688 603 2745 nervis
617 2687 785 2746 moribunde
796 2687 942 2764 pependit.

132 2768 211 2826 Tum
223 2765 365 2840 Numitor,
376 2765 473 2842 jaculo
486 2764 576 2824 fratris
590 2767 627 2822 de
641 2783 756 2842 corpore
769 2773 858 2842 rapto,

132 2847 248 2904 AEneau
261 2843 359 2921 petiit;
380 2843 502 2903 sednon
515 2851 545 2902 et
556 2844 644 2918 figere
658 2839 755 2902 coutni

133 2925 188 2982 Est
200 2923 318 2996 licitum,
331 2922 483 2999 magnique
496 2921 588 2982 lemur
600 2921 763 2998 perstrinxit
775 2921 905 2980 Achatae.

19 2995 27 3084 J
134 3001 192 3060 Hic
208 3000 340 3075 Curibus,
353 3000 445 3058 fidens
458 2999 593 3077 primevo
607 3018 733 3076 corpore,
749 3000 871 3058 Clausus

133 3081 268 3155 Advenit,
283 3087 311 3137 et
324 3079 412 3154 rigidt
425 3080 561 3156 Dryopen
575 3079 639 3138 serit
652 3078 762 3140 eminus
775 3078 858 3137 hasti

135 3160 193 3218 Sub
208 3167 345 3234 mentum,
359 3158 479 3234 graviter
491 3157 597 3234 pressi,
611 3157 770 3234 pariterque
783 3155 925 3234 loquentis

134 3239 245 3296 Vocem
259 3237 438 3313 animumque
452 3237 534 3314 rapit,
547 3238 664 3316 trajecto
678 3244 808 3312 gutture:
829 3244 859 3295 ot
870 3235 919 3294 ille

134 3317 240 3375 Fronte
253 3316 317 3375 serit
329 3323 440 3390 terrem,
456 3324 484 3374 et
497 3333 622 3374 crassum
633 3315 723 3374 vomit
736 3333 784 3373 ore
797 3332 933 3374 cruorem.

19 3413 20 3420 ¹
135 3396 206 3454 Tres
220 3413 331 3470 quoque
345 3393 502 3470 Threicios,
516 3394 617 3452 Boreae
632 3394 667 3452 de
680 3401 766 3470 gente
778 3392 920 3470 supremi,

136 3471 176 3530 Et
188 3480 254 3547 tres,
268 3491 338 3547 quos
351 3473 418 3531 Ides
430 3481 510 3551 peter
522 3480 551 3530 et
563 3473 654 3549 patria
667 3473 774 3530 Ismaro
786 3472 880 3548 mittit,

135 3552 191 3610 Per
204 3551 295 3609 varios
309 3551 407 3610 sternit
418 3569 512 3610 casus.
538 3551 684 3609 Accurrit
697 3549 831 3626 Halesus,

135 3632 334 3704 Auruncaeque
347 3645 448 3688 manus
460 3648 468 3701 3
489 3627 564 3686 subit
576 3637 606 3687 et
617 3629 765 3706 Neptunias
777 3629 880 3706 proles,

73 3749 78 3760 .
137 3707 259 3785 Insignis
273 3707 423 3782 Messapus
436 3707 534 3784 equis:
557 3705 699 3840 expellere
712 3708 833 3766 tendunt

136 3787 223 3846 Nunc
235 3785 275 3862 hi,
290 3803 366 3845 nunc
378 3785 438 3843 illi:
459 3792 581 3843 certatur
605 3785 691 3843 lmine
705 3787 734 3844 in
748 3787 809 3862 ipso

136 3865 278 3924 Ausoniae.
320 3863 427 3938 Magno
441 3863 582 3921 discordes
596 3863 701 3921 ethere
713 3864 793 3922 venti

137 3944 240 4004 Praedia
251 3962 305 4002 ceu
318 3942 428 4019 tollunt,
443 3941 543 4000 animis
557 3949 586 4000 et
597 3941 703 4000 viribus
717 3941 823 4018 equis:
