3128 4456
700 327 814 383 Aluus
832 329 854 382 1.
1227 329 1264 386 dd

291 475 352 536 Per
362 477 456 536 vorios
469 495 560 552 ossus,
573 495 626 556 per
638 483 680 536 tot
692 477 856 536 discrimino
867 495 972 556 renim,

291 554 454 616 Tendimus
467 555 497 614 in
511 555 636 632 betium,
649 556 734 614 sedes
748 555 797 614 ubi
810 555 867 615 loto
879 557 990 632 quietos
1034 591 1036 594 ·
1204 564 1261 620 205

292 633 474 694 Ostendunt:
494 634 554 694 illic
567 633 610 692 fos
623 652 710 710 regno
723 653 869 710 resurgere
882 635 987 714 Trojae.

292 713 414 790 Durate,
428 722 458 773 et
469 720 581 773 vosmet
593 712 677 772 rebus
691 721 800 772 servote
814 714 956 772 secundis.

332 790 416 850 Tulin
428 810 498 850 voce
512 790 605 867 relert,
620 793 751 868 curisque
764 792 928 869 ingentibus
942 811 1019 870 aeger

293 868 385 946 Spem
398 871 478 930 vultu
491 870 613 945 simulet,
627 871 731 948 premit
744 870 832 930 ultum
846 872 931 930 corde
945 872 1080 930 dolorem.

293 947 341 1006 Illi
354 967 385 1006 se
397 949 502 1028 prsedoe
516 948 666 1025 recingunt
679 949 858 1028 dapibusque
869 949 987 1009 futuris:
1083 973 1084 978 ¹
1201 955 1260 1010 210

292 1026 420 1104 Tergoru
432 1028 575 1106 deripiunt
587 1030 682 1104 costis,
697 1037 726 1088 et
738 1029 851 1094 viscere
857 1028 974 1088 nudent

291 1104 363 1164 Pers
376 1106 405 1164 in
418 1106 506 1166 frusto
517 1114 624 1183 secant,
638 1107 817 1184 verubusque
831 1109 982 1167 trementis
993 1107 1102 1186 figunt:

291 1185 401 1243 Littore
415 1185 508 1244 chene
520 1186 614 1244 locunt
627 1185 685 1260 olii,
699 1185 884 1263 flammasque
898 1187 1065 1246 ministrent.

291 1259 370 1321 Tum
383 1264 464 1323 victu
476 1271 610 1322 revocent
622 1264 716 1336 vires;
737 1263 851 1340 fusique
863 1283 916 1340 per
927 1265 1045 1336 horbem

292 1341 451 1418 implentur
463 1341 567 1400 veteris
580 1341 689 1398 Bocchi
702 1341 873 1417 pinguisque
886 1341 992 1400 lerinae.
1081 1373 1083 1382 ι
1198 1347 1256 1403 Alb

331 1419 486 1496 Postquom
501 1427 634 1496 exempto
645 1418 737 1475 lomes
750 1419 852 1496 epulis,
866 1438 1030 1496 menseque
1043 1429 1170 1499 remote,

291 1499 422 1556 Amissus
435 1498 521 1574 longo
534 1497 626 1556 socios
640 1515 770 1555 sermone
783 1498 940 1574 requirunt,

292 1575 437 1668 Spemque
451 1584 617 1653 metumque
631 1576 705 1634 inter
718 1573 808 1650 dubii,
821 1594 873 1633 seu
886 1575 983 1642 vivere
995 1577 1120 1654 credunt,

292 1655 361 1714 Sive
374 1663 502 1714 extrema
513 1655 582 1732 poti,
597 1673 651 1713 nec
661 1655 722 1732 jem
736 1655 871 1713 exaudire
884 1663 1007 1714 rocetos.

291 1732 440 1812 Praecipud
454 1734 520 1812 pius
533 1734 641 1792 AEness
654 1751 731 1792 nunc
742 1733 817 1791 ‘ocris
831 1733 940 1810 Oronti,
1198 1740 1256 1796 220

290 1813 379 1872 Nunc
393 1813 497 1890 Amyci
510 1832 607 1871 casum
621 1812 719 1888 gemit,
734 1819 763 1870 et
776 1813 901 1870 crudelia
914 1832 1011 1872 secum
1133 1847 1134 1852 κ
1236 1847 1238 1852 ,

291 1891 364 1950 Foto
377 1893 459 1970 Lyci,
472 1891 630 1968 fortemque
645 1891 738 1968 Gyan,
752 1890 909 1966 fortemque
923 1891 1105 1952 Cloanthum.

330 1971 370 2029 Et
379 1973 440 2050 jum
453 1970 519 2030 linis
532 1977 600 2046 eret,
614 1989 702 2047 quum
715 1968 826 2046 Jupiter
839 1969 945 2028 retbere
958 1989 1069 2030 summo

277 2049 462 2128 'Despiciens
475 2068 552 2108 more
564 2049 728 2124 velivolum,
742 2056 885 2124 terresque
895 2051 1034 2128 jacentes,
1087 2097 1088 2104 ,

291 2128 464 2206 Littoreque,
479 2136 508 2187 et
520 2129 592 2186 lotos
604 2127 735 2205 populos,
750 2127 791 2184 sic
803 2128 911 2186 vertice
924 2129 989 2187 coeli
1196 2133 1254 2190 225

291 2206 434 2284 Constitit,
448 2206 586 2284 et‘Libyae
600 2207 701 2265 defixit
713 2204 821 2264 lumino
833 2207 936 2284 regnis.

290 2288 385 2364 Atque
398 2287 479 2346 illum
492 2285 562 2344 tulos
572 2281 729 2364 jactantem
742 2294 859 2363 pectore
871 2305 952 2345 curos

291 2365 419 2442 Tristior,
433 2374 462 2425 et
475 2365 606 2442 lacrymis
620 2365 718 2423 oculos
731 2363 839 2424 suffuso
851 2365 983 2442 nitentes,

292 2445 453 2523 Alloquitur
466 2444 584 2502 Venus:
605 2443 633 2503 0
646 2443 696 2520 qui
708 2461 754 2502 res
767 2443 975 2522 bominumque
989 2441 1132 2524 deumque

291 2523 418 2582 AEtemis
431 2522 505 2598 regis
519 2522 655 2600 imperiis,
669 2530 699 2581 et
711 2521 829 2580 fulmine
843 2531 941 2600 terres,

292 2601 370 2672 Quid
384 2620 464 2659 meus
477 2601 587 2658 AEneos
601 2601 631 2659 in
644 2609 672 2675 te
687 2601 863 2660 committere
876 2610 995 2678 tontum,

293 2680 369 2751 Quid
383 2679 475 2738 Troes
487 2675 615 2754 potulire,
629 2679 731 2755 quibus
745 2687 786 2738 tot
797 2679 899 2738 funere
907 2680 999 2757 pessis

292 2759 418 2817 Cunctus
432 2755 468 2814 ob
483 2755 594 2814 Italiam
607 2764 743 2814 terrorum
758 2756 899 2814 clauditur
911 2757 1009 2816 orbis?

292 2833 376 2896 Certe
390 2836 458 2894 hinc
470 2835 617 2894 Ramnes
628 2833 697 2892 olim
710 2833 889 2892 volventibus
903 2834 983 2894 ennio

292 2915 368 2988 Hinc
381 2914 440 2974 fore
454 2913 593 2989 ductores,
607 2919 737 2972 revocato
750 2931 768 2970 o
780 2912 918 2987 sunguine
931 2911 1045 2988 Teucri,
1192 2915 1250 2971 2³3

293 2993 350 3066 Qui
363 3012 450 3069 mere,
464 2991 514 3070 qui
527 2998 614 3051 terres
628 2991 705 3050 omni
718 2991 824 3050 ditione
837 2999 976 3068 tenerent,

292 3073 456 3132 Pollicitus:
477 3089 542 3148 quor
556 3078 595 3146 te,
609 3070 727 3147 genitor,
741 3069 882 3128 sententio
894 3070 997 3130 vertit?

293 3153 356 3212 Hoc
369 3152 502 3230 equidem
516 3167 648 3208 occasum
661 3149 756 3230 Trojae
769 3149 918 3226 tristesque
930 3148 1024 3208 ruinss

294 3231 416 3307 Solobsr,
430 3230 494 3289 sutis
507 3229 646 3288 contrario
658 3227 715 3286 scta
726 3227 893 3305 rependens.

293 3297 377 3368 Nunc
390 3310 490 3368 eodem
503 3307 703 3368 t‘ortunoviros
715 3315 757 3366 tot
770 3306 882 3366 ossibus
896 3313 973 3366 octos
1191 3309 1248 3366 240
1344 3333 1347 3342 .
1395 3297 1415 3336 l*

294 3387 470 3464 insequitur:
492 3403 579 3463 quem
592 3387 642 3444 dus
655 3384 751 3461 tinem,
765 3404 816 3444 rex
828 3374 939 3462 mugire,
952 3383 1102 3444 lsborum?

293 3467 417 3530 Antenor
429 3463 530 3544 potuit,
544 3465 645 3523 mediis
658 3463 770 3540 elopsus
782 3463 910 3539 Achivis,
1137 3475 1140 3482 ’

294 3543 419 3622 illyricos
429 3551 579 3620 penctrme
592 3542 670 3600 sinus
684 3550 768 3618 utque
780 3542 880 3602 intime
892 3549 969 3601 tutus

292 3625 392 3701 Regno
404 3621 600 3696 Liburnorum,
614 3629 643 3679 et
654 3619 761 3678 fontem
773 3639 904 3698 superare
916 3617 1041 3694 Timeri,

293 3703 376 3765 Unde
388 3719 441 3779 per
453 3719 502 3758 oro
513 3717 617 3760 novem
630 3706 710 3757 vesto
723 3717 788 3756 cum
801 3718 943 3758 murmure
956 3696 1060 3756 montis
1188 3701 1246 3760 uo

293 3781 319 3842 lt
331 3798 407 3840 mure
418 3785 591 3858 proruptum,
605 3785 634 3836 et
666 3777 746 3853 elego
758 3777 861 3854 premit
874 3795 939 3835 ervo
951 3774 1070 3834 sonanti.
1199 3777 1200 3780 ’

293 3858 348 3920 Hic
361 3856 518 3995 tomensille
527 3843 629 3916 'cubem
638 3797 737 3916 locavi
750 3855 889 3934 sedesque
900 3853 1005 3915 locsvit

1396 3167 1400 3260 l
