3128 4456
686 345 798 400 L1nun
818 347 865 400 11.·

275 489 390 569 Sparge
403 493 471 553 fimo
483 494 592 573 pingui,
607 495 737 556 etmulti
750 515 860 555 ,memor
873 495 974 554 occule
988 496 1078 556 terri:

275 571 343 629 Aut
355 571 479 649 lcpidem
493 573 633 649 bibulum,
648 582 697 632 aut
709 575 869 650 squalentes
882 573 978 632 infode
992 575 1115 634 conchas
1125 595 1138 649 3.

275 646 361 707 Iuter
374 649 451 708 enim
464 649 595 710 lebentur
608 671 699 728 aquae,
713 653 861 728 tenuisque
876 651 983 710 subibit

275 726 406 803 Halitus,
421 736 506 805 atque
520 731 628 788 animos
641 729 742 788 tollent
754 737 830 786 suta:
848 731 965 807 jamque
979 731 1081 814 reperti
1106 783 1112 799 ,
1188 735 1244 790 350

276 804 342 876 Qui
356 824 424 864 saxo
437 825 522 884 super
535 816 618 884 atque
631 807 752 884 ingentis
764 807 891 883 pondere
905 815 985 885 testae
999 845 1055 888 ,μ
1069 860 1076 876 ι
1092 859 1096 870 .
1111 869 1129 882 Ἀ

275 883 441 958 Urgerent3
462 884 517 943 boc
531 885 636 944 effusos
651 885 797 944 munimen
812 885 847 943 ad
861 885 985 960 imbres;

277 961 356 1037 Hoc,
370 962 420 1022 ubi
433 961 531 1021 biulca
543 964 682 1022 siti.lindit
695 963 783 1021 Oanis
797 963 901 1022 restiser
914 984 988 1023 arra.

321 1040 483 1100 Seminibus
495 1042 604 1120 positis,
618 1049 744 1120 superest
757 1042 900 1103 deducere
913 1051 1016 1102 terram
1099 1097 1104 1107 ,
1182 1082 1192 1113 s

278 1116 394 1197 Soepibs
408 1121 444 1179 ad
457 1120 558 1198 capita,
573 1130 602 1180 et
614 1122 697 1179 duros
705 1121 814 1199 jactare
827 1120 958 1202 bidentes
968 1142 976 1195 3
987 1117 1136 1178 uuam,-
1145 1118 1243 1198 ’,ἣῷ

276 1200 341 1256 Aut
352 1216 450 1275 presso
464 1218 598 1266 exercere
611 1199 701 1258 solum
715 1198 768 1256 sub
782 1218 907 1276 vomere,
922 1201 1030 1278 etipsa

277 1275 410 1336 Flectere
423 1276 563 1337 luctantes
576 1278 647 1336 inter
660 1276 756 1334 vincta
763 1279 928 1355 juvencos:

277 1355 356 1413 Tum
369 1355 447 1414 leves
461 1356 594 1429 calamos,
608 1361 637 1412 et
649 1372 718 1411 rasse
732 1353 844 1412 hastilia
857 1356 954 1430 virgae,

277 1433 493 1510 Fraxineasque
506 1442 599 1509 aptare
612 1433 706 1505 sudes,
718 1431 867 1509 furcasque
879 1433 1027 1509 bicornes,

279 1510 396 1570 Viribus
410 1511 480 1590 epjti
493 1530 619 1588 querum,
634 1517 662 1567 et
675 1517 857 1567 contemnere
871 1521 970 1569 ventos
993 1503 1017 1564 ι’.
1062 1553 1065 1558 Δ
1184 1517 1241 1576 300
1258 1555 1268 1578 s

242 1603 244 1608 '
278 1591 462 1666 desuescant,
476 1605 656 1666 summasque
670 1587 751 1665 sequi
764 1588 890 1647 tabulata
902 1607 953 1666 per
965 1585 1136 1662 ulmos&
1149 1644 1155 1656 ,
1170 1645 1188 1662 ἰ,
1298 1648 1309 1665 ,

319 1669 373 1745 Ac,
387 1670 456 1726 dum
469 1668 560 1746 prima
572 1665 652 1725 novis
667 1653 961 1728 adolescitlroudibus
975 1677 1056 1744 aetns,
1233 1661 1237 1668 ’

226 1803 229 1808 .
279 1745 458 1806 Parcendum
471 1747 594 1806 teneris:
615 1753 643 1803 et
656 1743 724 1802 dum
738 1763 769 1802 se
782 1744 864 1804 laetus
878 1748 913 1805 nd
927 1767 1009 1807 auras

279 1825 395 1884 Pnlmes
409 1826 475 1903 agit,
488 1826 560 1884 laxis
593 1844 623 1882 er
635 1842 736 1901 purum
750 1824 895 1886 immissus
908 1825 1047 1902 habenis,

280 1902 347 1981 Ipsa
360 1905 420 1963 acie
433 1905 557 1964 nondum
570 1845 650 1962 blois
664 1903 817 1976 tentanda3
837 1903 983 1966 seduncis
1182 1907 1240 1962 365

279 1983 437 2060 Carpendae
452 1982 578 2040 manibus
591 1981 716 2056 frondes,
726 1981 855 2058 interque
868 1981 1045 2058 legeudae.„:
1094 1985 1098 1995 “
1191 2023 1213 2042 ,-

206 2133 208 2138 y
280 2061 352 2119 lude
365 2060 414 2120 ubi
422 2064 483 2140 jam
496 2060 595 2118 validis
610 2059 747 2138 amplexae
762 2061 798 2118 sti
831 2057 1012 2124 ibus-ulmos

201 2212 202 2215 Ἴ
250 2139 419 2214 νΕκὶετίηῒ,
434 2148 492 2198 tnru
506 2138 609 2214 stringe
623 2157 727 2214 comas,
742 2147 801 2197 tum
835 2139 1057 2213 rachiatonde3„

185 2230 189 2238 “
206 2276 210 2284 ,
279 2214 358 2277 Antei
372 2217 551 2276 reformident
563 2217 689 2278 serrum:
705 2225 766 2276 tum
780 2217 902 2296 denique
916 2219 985 2280 dura

279 2296 392 2356 Exerce
405 2295 530 2373 imperia,
544 2303 573 2354 et
586 2315 677 2354 ramos
690 2315 839 2373 compesce
852 2297 981 2357 fluentes.
1179 2299 1237 2354 :tto

296 2437 299 2442 ,
318 2375 462 2434 Texendae
476 2393 559 2451 sepes
572 2373 668 2450 etism,
682 2382 712 2433 et
723 2394 811 2454 pecus
825 2395 909 2434 omne
922 2376 1084 2450 tenendum,

278 2451 424 2532 Praecipub
439 2454 506 2511 dum
519 2451 594 2512 frons
608 2460 704 2512 tenera
717 2454 935 2532 imprudensque
948 2454 1093 2514 laborum:

211 2581 216 2604 ,
279 2532 345 2607 Cui,
358 2550 443 2610 super
453 2531 583 2608 indignas
595 2531 716 2609 hiemes,
730 2533 874 2611 solemque
887 2542 1042 2611 potentem,

280 2611 426 2670 Silvestres
440 2611 483 2669 uri
496 2606 606 2669 undu&
621 2629 787 2687 capreaeque
800 2631 934 2689 sequaces

279 2687 422 2761 llludunt;
443 2696 594 2766 pascuntur
607 2708 684 2764 oves,
700 2691 845 2767 avidaeque
854 2693 996 2769 juvence.
1177 2693 1234 2748 ³⁷5

278 2766 394 2842 Frigore
406 2785 459 2824 uec
472 2763 580 2826 tantum
594 2767 665 2824 cani
678 2777 809 2827 concreta
821 2769 939 2845 pruine„

278 2848 337 2904 Aut
349 2845 440 2920 gravis
452 2843 619 2902 incumbens
632 2845 755 2922 scopulis
769 2846 909 2905 arentibus
923 2853 1019 2918 estas,

280 2919 424 2996 Quautdm
437 2921 480 2998 illi
491 2919 614 2980 nocudre
628 2941 735 2998 greges,
751 2923 867 3000 durique
880 2941 1030 2984 venenum·

279 3001 389 3078 Dentis,
403 3010 432 3060 et
445 3001 573 3059 admorso
586 3000 696 3076 signata
708 3001 743 3058 in.
751 3001 836 3078 stirpe
849 2999 974 3060 cicatrix.

316 3081 383 3140 Non
397 3079 480 3138 aliem
494 3078 530 3137 ob
544 3078 656 3156 culpam
669 3079 784 3138 Baccho
797 3098 880 3156 caper
892 3077 1022 3144 omnibus
1036 3077 1096 3136 aris.
1175 3083 1232 3138 380

277 3160 412 3235 Caeditur,
427 3166 455 3218 et
467 3166 577 3217 veteres
590 3157 689 3216 ineunt
700 3157 847 3236 proscenia
859 3158 936 3232 ludi3

277 3239 454 3316 Proemiaque
466 3237 597 3332 inpeniis,
610 3257 698 3314 pagos
711 3244 740 3295 et
753 3237 873 3314 compita
886 3236 1003 3312 circum,

279 3317 411 3375 Thesidae
424 3334 555 3394 posuere,
569 3323 653 3392 atque
665 3316 738 3374 inter
745 3315 850 3410 pocula
862 3315 920 3374 teti

278 3394 414 3454 Mollibus
427 3395 456 3454 iu
469 3394 555 3472 protis
568 3401 667 3452 unctos
681 3393 789 3452 saluere
801 3413 852 3470 per
865 3401 949 3452 utres.

264 3471 342 3533 ⁴Nec
355 3492 412 3532 uon
425 3473 553 3547 Ausonii,
567 3471 655 3550 Trojd
668 3491 741 3548 gens.
750 3472 843 3547 missa,
857 3471 950 3530 coloni
1174 3473 1230 3528 380

278 3549 415 3612 Versibus
428 3551 576 3629 incomptis
589 3550 699 3625 ludunt,
712 3549 823 3627 risuque
836 3550 936 3624 soluto,

279 3631 391 3709 Oraque
403 3630 553 3689 corticibus
567 3636 681 3688 sumunt
692 3628 830 3686 horrenda
843 3627 947 3686 caratis
956 3647 969 3687 :r

279 3710 319 3768 Et
330 3717 368 3784 te,
382 3707 505 3783 Bacche,
518 3716 621 3767 vocant
634 3726 684 3784 per
697 3707 819 3764 carmina
830 3706 904 3781 laete,
918 3705 1028 3782 tibique

279 3789 385 3848 Orcilla
398 3807 435 3848 ex
448 3787 503 3846 altd
517 3786 692 3863 suspendunt
705 3784 800 3843 mollia
813 3784 892 3860 pinu.

279 3867 356 3927 Hinc
368 3866 460 3926 omnis
473 3865 549 3942 largo
561 3864 691 3942 pubescit
703 3863 787 3920 vinea
799 3862 886 3936 loetrr3
