<?xml version="1.0" encoding="UTF-8"?>
<!DOCTYPE html PUBLIC "-//W3C//DTD XHTML 1.0 Transitional//EN"
    "http://www.w3.org/TR/xhtml1/DTD/xhtml1-transitional.dtd">
<html xmlns="http://www.w3.org/1999/xhtml" xml:lang="en" lang="en">
 <head>
  <title>
</title>
<meta http-equiv="Content-Type" content="text/html;charset=utf-8" />
  <meta name='ocr-system' content='tesseract 3.04.00' />
  <meta name='ocr-capabilities' content='ocr_page ocr_carea ocr_par ocr_line ocrx_word'/>
</head>
<body>
  <div class='ocr_page' id='page_1' title='image "./bucolicageorgic06virggoog/bucolicageorgic06virggoog_0178.png"; bbox 0 0 3076 4514; ppageno 0'>
   <div class='ocr_carea' id='block_1_1' title="bbox 574 355 1166 454">
    <p class='ocr_par' dir='ltr' id='par_1_1' title="bbox 574 355 1166 454">
     <span class='ocr_line' id='line_1_1' title="bbox 574 355 1166 454; baseline 0 -44"><span class='ocrx_word' id='word_1_1' title='bbox 574 355 701 410; x_wconf 37' lang='lat' dir='ltr'><strong>*Lissa</strong></span> <span class='ocrx_word' id='word_1_2' title='bbox 719 355 788 454; x_wconf 30' lang='lat' dir='ltr'><strong>vl..</strong></span> <span class='ocrx_word' id='word_1_3' title='bbox 840 365 841 368; x_wconf 76' lang='grc'>’</span> <span class='ocrx_word' id='word_1_4' title='bbox 1114 355 1166 410; x_wconf 79' lang='grc'><strong>169</strong></span> 
     </span>
    </p>
   </div>
   <div class='ocr_carea' id='block_1_2' title="bbox 127 483 1165 2563">
    <p class='ocr_par' dir='ltr' id='par_1_2' title="bbox 177 483 1165 825">
     <span class='ocr_line' id='line_1_2' title="bbox 194 483 1054 584; baseline 0 -20"><span class='ocrx_word' id='word_1_5' title='bbox 194 506 235 564; x_wconf 77' lang='lat' dir='ltr'><strong>At</strong></span> <span class='ocrx_word' id='word_1_6' title='bbox 247 504 312 583; x_wconf 93' lang='lat' dir='ltr'><strong>pius</strong></span> <span class='ocrx_word' id='word_1_7' title='bbox 322 483 436 564; x_wconf 69' lang='lat' dir='ltr'><strong>OEncbs</strong></span> <span class='ocrx_word' id='word_1_8' title='bbox 449 484 528 566; x_wconf 69' lang='lat' dir='ltr'><strong>adces&#39;</strong></span> <span class='ocrx_word' id='word_1_9' title='bbox 541 497 651 584; x_wconf 64' lang='lat' dir='ltr'><strong>quibus*</strong></span> <span class='ocrx_word' id='word_1_10' title='bbox 658 507 731 566; x_wconf 90' lang='lat' dir='ltr'><strong>altus</strong></span> <span class='ocrx_word' id='word_1_11' title='bbox 743 485 848 584; x_wconf 67' lang='lat' dir='ltr'><strong>„lpollo</strong></span> <span class='ocrx_word' id='word_1_12' title='bbox 929 563 933 572; x_wconf 88' lang='grc'><em>,</em></span> <span class='ocrx_word' id='word_1_13' title='bbox 1052 576 1054 580; x_wconf 13' lang='lat' dir='ltr'>y</span> 
     </span>
     <span class='ocr_line' id='line_1_3' title="bbox 195 567 1165 663; baseline 0.001 -22"><span class='ocrx_word' id='word_1_14' title='bbox 195 583 350 660; x_wconf 59' lang='lat' dir='ltr'><strong>Praesidetp</strong></span> <span class='ocrx_word' id='word_1_15' title='bbox 359 585 564 663; x_wconf 71' lang='lat' dir='ltr'><strong>horrendaeque</strong></span> <span class='ocrx_word' id='word_1_16' title='bbox 577 584 675 663; x_wconf 80' lang='lat' dir='ltr'><strong>pro&#39;eul</strong></span> <span class='ocrx_word' id='word_1_17' title='bbox 689 595 797 644; x_wconf 86' lang='lat' dir='ltr'><strong>secreta</strong></span> <span class='ocrx_word' id='word_1_18' title='bbox 812 567 938 661; x_wconf 82' lang='lat' dir='ltr'><strong>Sibyllae,</strong></span> <span class='ocrx_word' id='word_1_19' title='bbox 1129 589 1165 643; x_wconf 89' lang='lat'><strong>10</strong></span> 
     </span>
     <span class='ocr_line' id='line_1_4' title="bbox 194 663 1127 742; baseline 0.001 -21"><span class='ocrx_word' id='word_1_20' title='bbox 194 664 318 725; x_wconf 86' lang='lat' dir='ltr'>Antrum</span> <span class='ocrx_word' id='word_1_21' title='bbox 332 665 465 740; x_wconf 84' lang='lat' dir='ltr'><strong>immone,</strong></span> <span class='ocrx_word' id='word_1_22' title='bbox 479 665 569 742; x_wconf 83' lang='lat' dir='ltr'><strong>patit3</strong></span> <span class='ocrx_word' id='word_1_23' title='bbox 591 684 722 742; x_wconf 75' lang='lat' dir='ltr'><strong>magnam</strong></span> <span class='ocrx_word' id='word_1_24' title='bbox 736 665 783 722; x_wconf 92' lang='lat' dir='ltr'><strong>cui</strong></span> <span class='ocrx_word' id='word_1_25' title='bbox 797 674 922 724; x_wconf 86' lang='lat' dir='ltr'><strong>mentem</strong></span> <span class='ocrx_word' id='word_1_26' title='bbox 936 663 1127 742; x_wconf 78' lang='lat' dir='ltr'><strong>manumque</strong></span> 
     </span>
     <span class='ocr_line' id='line_1_5' title="bbox 177 742 804 825; baseline 0 -25"><span class='ocrx_word' id='word_1_27' title='bbox 177 789 180 794; x_wconf 89' lang='lat'>.</span> <span class='ocrx_word' id='word_1_28' title='bbox 194 743 304 800; x_wconf 73' lang='lat' dir='ltr'><strong>Deliusl</strong></span> <span class='ocrx_word' id='word_1_29' title='bbox 311 742 428 820; x_wconf 74' lang='lat' dir='ltr'><strong>inspirat</strong></span> <span class='ocrx_word' id='word_1_30' title='bbox 440 745 530 819; x_wconf 80' lang='lat' dir='ltr'><strong>vates,</strong></span> <span class='ocrx_word' id='word_1_31' title='bbox 539 743 689 825; x_wconf 70' lang='lat' dir='ltr'><strong>‘operitque</strong></span> <span class='ocrx_word' id='word_1_32' title='bbox 703 743 804 802; x_wconf 81' lang='lat' dir='ltr'><strong>sutura.</strong></span> 
     </span>
    </p>

    <p class='ocr_par' dir='ltr' id='par_1_3' title="bbox 193 820 902 898">
     <span class='ocr_line' id='line_1_6' title="bbox 193 820 902 898; baseline 0.004 -20"><span class='ocrx_word' id='word_1_33' title='bbox 193 821 259 879; x_wconf 90' lang='lat' dir='ltr'><strong>Jam</strong></span> <span class='ocrx_word' id='word_1_34' title='bbox 273 820 397 881; x_wconf 87' lang='lat' dir='ltr'><strong>subeunt</strong></span> <span class='ocrx_word' id='word_1_35' title='bbox 409 822 515 880; x_wconf 89' lang='lat' dir='ltr'><strong>Trivi&#39;ae</strong></span> <span class='ocrx_word' id='word_1_36' title='bbox 530 822 610 881; x_wconf 90' lang='lat' dir='ltr'><strong>lucos</strong></span> <span class='ocrx_word' id='word_1_37' title='bbox 624 827 712 898; x_wconf 81' lang='lat' dir='ltr'><strong>atque</strong></span> <span class='ocrx_word' id='word_1_38' title='bbox 722 840 807 880; x_wconf 88' lang='lat' dir='ltr'><strong>aurea</strong></span> <span class='ocrx_word' id='word_1_39' title='bbox 819 830 902 882; x_wconf 84' lang='lat' dir='ltr'><strong>tecta.</strong></span> 
     </span>
    </p>

    <p class='ocr_par' dir='ltr' id='par_1_4' title="bbox 234 900 945 978">
     <span class='ocr_line' id='line_1_7' title="bbox 234 900 945 978; baseline 0.004 -20"><span class='ocrx_word' id='word_1_40' title='bbox 234 901 427 977; x_wconf 65' lang='lat' dir='ltr'><strong>Doedolus,&#39;ut</strong></span> <span class='ocrx_word' id='word_1_41' title='bbox 439 901 519 959; x_wconf 83' lang='lat' dir='ltr'><strong>sama</strong></span> <span class='ocrx_word' id='word_1_42' title='bbox 527 911 579 978; x_wconf 83' lang='lat' dir='ltr'><strong>est,</strong></span> <span class='ocrx_word' id='word_1_43' title='bbox 594 900 706 978; x_wconf 79' lang='lat' dir='ltr'><strong>fugiens</strong></span> <span class='ocrx_word' id='word_1_44' title='bbox 719 902 945 978; x_wconf 82' lang='lat' dir='ltr'><strong>Miboia&#39;reguu,</strong></span> 
     </span>
    </p>

    <p class='ocr_par' dir='ltr' id='par_1_5' title="bbox 194 979 1165 1059">
     <span class='ocr_line' id='line_1_8' title="bbox 194 979 1165 1059; baseline 0.001 -22"><span class='ocrx_word' id='word_1_45' title='bbox 194 979 372 1056; x_wconf 83' lang='lat' dir='ltr'><strong>Praepetibus</strong></span> <span class='ocrx_word' id='word_1_46' title='bbox 384 981 488 1056; x_wconf 88' lang='lat' dir='ltr'><strong>pennis</strong></span> <span class='ocrx_word' id='word_1_47' title='bbox 502 1000 586 1040; x_wconf 89' lang='lat' dir='ltr'><strong>ausus</strong></span> <span class='ocrx_word' id='word_1_48' title='bbox 600 999 631 1039; x_wconf 92' lang='lat' dir='ltr'><strong>se</strong></span> <span class='ocrx_word' id='word_1_49' title='bbox 645 981 761 1039; x_wconf 91' lang='lat' dir='ltr'><strong>credere</strong></span> <span class='ocrx_word' id='word_1_50' title='bbox 775 980 859 1059; x_wconf 85' lang='lat' dir='ltr'><strong>coelo,</strong></span> <span class='ocrx_word' id='word_1_51' title='bbox 1130 983 1165 1038; x_wconf 76' lang='lat'><strong>1⁶</strong></span> 
     </span>
    </p>

    <p class='ocr_par' dir='ltr' id='par_1_6' title="bbox 127 1057 1044 2563">
     <span class='ocr_line' id='line_1_9' title="bbox 196 1057 880 1137; baseline 0.006 -22"><span class='ocrx_word' id='word_1_52' title='bbox 196 1057 347 1120; x_wconf 89' lang='lat' dir='ltr'><strong>lnsuetum</strong></span> <span class='ocrx_word' id='word_1_53' title='bbox 359 1077 411 1137; x_wconf 91' lang='lat' dir='ltr'><strong>per</strong></span> <span class='ocrx_word' id='word_1_54' title='bbox 424 1059 477 1118; x_wconf 89' lang='lat' dir='ltr'><strong>iter</strong></span> <span class='ocrx_word' id='word_1_55' title='bbox 490 1060 603 1136; x_wconf 85' lang='lat' dir='ltr'><strong>gelidas</strong></span> <span class='ocrx_word' id='word_1_56' title='bbox 612 1059 707 1118; x_wconf 83' lang='lat' dir='ltr'><strong>enavit</strong></span> <span class='ocrx_word' id='word_1_57' title='bbox 720 1059 756 1117; x_wconf 92' lang='lat' dir='ltr'><strong>ad</strong></span> <span class='ocrx_word' id='word_1_58' title='bbox 769 1062 880 1136; x_wconf 80' lang='lat' dir='ltr'><strong>Arctos,</strong></span> 
     </span>
     <span class='ocr_line' id='line_1_10' title="bbox 162 1135 937 1216; baseline 0 -20"><span class='ocrx_word' id='word_1_59' title='bbox 162 1135 163 1138; x_wconf 63' lang='grc'>’</span> <span class='ocrx_word' id='word_1_60' title='bbox 195 1137 418 1216; x_wconf 74' lang='lat' dir='ltr'><strong>Chalcidicbque</strong></span> <span class='ocrx_word' id='word_1_61' title='bbox 432 1138 504 1197; x_wconf 90' lang='lat' dir='ltr'><strong>levis</strong></span> <span class='ocrx_word' id='word_1_62' title='bbox 516 1140 633 1198; x_wconf 90' lang='lat' dir='ltr'><strong>taudem</strong></span> <span class='ocrx_word' id='word_1_63' title='bbox 646 1157 731 1216; x_wconf 88' lang='lat' dir='ltr'><strong>super</strong></span> <span class='ocrx_word' id='word_1_64' title='bbox 744 1138 851 1198; x_wconf 82' lang='lat' dir='ltr'><strong>adstitit</strong></span> <span class='ocrx_word' id='word_1_65' title='bbox 864 1158 937 1198; x_wconf 85' lang='lat' dir='ltr'><strong>arce.</strong></span> 
     </span>
     <span class='ocr_line' id='line_1_11' title="bbox 193 1215 989 1294; baseline 0.003 -20"><span class='ocrx_word' id='word_1_66' title='bbox 193 1215 337 1275; x_wconf 84' lang='lat' dir='ltr'><strong>Redditus</strong></span> <span class='ocrx_word' id='word_1_67' title='bbox 350 1217 395 1274; x_wconf 90' lang='lat' dir='ltr'><strong>his</strong></span> <span class='ocrx_word' id='word_1_68' title='bbox 408 1215 533 1294; x_wconf 75' lang='lat' dir='ltr'><strong>primum</strong></span> <span class='ocrx_word' id='word_1_69' title='bbox 547 1219 637 1292; x_wconf 83' lang='lat' dir='ltr'><strong>terris,</strong></span> <span class='ocrx_word' id='word_1_70' title='bbox 651 1218 712 1293; x_wconf 92' lang='lat' dir='ltr'><strong>tibi,</strong></span> <span class='ocrx_word' id='word_1_71' title='bbox 726 1217 846 1294; x_wconf 90' lang='lat' dir='ltr'><strong>Phoebe,</strong></span> <span class='ocrx_word' id='word_1_72' title='bbox 860 1219 989 1278; x_wconf 84' lang='lat' dir='ltr'><strong>sacravit.</strong></span> 
     </span>
     <span class='ocr_line' id='line_1_12' title="bbox 194 1295 949 1434; baseline 0.001 -81"><span class='ocrx_word' id='word_1_73' title='bbox 194 1295 361 1372; x_wconf 85' lang='lat' dir='ltr'><strong>Remigium</strong></span> <span class='ocrx_word' id='word_1_74' title='bbox 375 1295 482 1355; x_wconf 90' lang='lat' dir='ltr'><strong>alarum</strong></span> <span class='ocrx_word' id='word_1_75' title='bbox 494 1316 502 1370; x_wconf 81' lang='lat'>3</span> <span class='ocrx_word' id='word_1_76' title='bbox 515 1297 674 1434; x_wconf 76' lang='lat' dir='ltr'><strong>posuitque</strong></span> <span class='ocrx_word' id='word_1_77' title='bbox 688 1297 823 1354; x_wconf 85' lang='lat' dir='ltr'><strong>immania</strong></span> <span class='ocrx_word' id='word_1_78' title='bbox 835 1297 949 1375; x_wconf 86' lang='lat' dir='ltr'><strong>templa.</strong></span> 
     </span>
     <span class='ocr_line' id='line_1_13' title="bbox 194 1374 972 1453; baseline 0.001 -22"><span class='ocrx_word' id='word_1_79' title='bbox 194 1374 230 1432; x_wconf 91' lang='lat' dir='ltr'><strong>In</strong></span> <span class='ocrx_word' id='word_1_80' title='bbox 243 1374 351 1432; x_wconf 85' lang='lat' dir='ltr'><strong>foribus</strong></span> <span class='ocrx_word' id='word_1_81' title='bbox 363 1374 453 1434; x_wconf 89' lang='lat' dir='ltr'><strong>letum</strong></span> <span class='ocrx_word' id='word_1_82' title='bbox 466 1377 514 1434; x_wconf 80' lang='lat' dir='ltr'><strong>An</strong></span> <span class='ocrx_word' id='word_1_83' title='bbox 534 1375 612 1451; x_wconf 86' lang='lat' dir='ltr'><strong>rogei</strong></span> <span class='ocrx_word' id='word_1_84' title='bbox 625 1396 631 1433; x_wconf 92' lang='lat'>:</span> <span class='ocrx_word' id='word_1_85' title='bbox 653 1383 712 1433; x_wconf 88' lang='lat' dir='ltr'><strong>tum</strong></span> <span class='ocrx_word' id='word_1_86' title='bbox 725 1375 850 1453; x_wconf 90' lang='lat' dir='ltr'><strong>pendere</strong></span> <span class='ocrx_word' id='word_1_87' title='bbox 863 1395 972 1453; x_wconf 74' lang='lat' dir='ltr'><strong>poenas</strong></span> 
     </span>
     <span class='ocr_line' id='line_1_14' title="bbox 194 1453 923 1532; baseline -0.001 -21"><span class='ocrx_word' id='word_1_88' title='bbox 194 1453 362 1532; x_wconf 73' lang='lat' dir='ltr'><strong>Cecropidae</strong></span> <span class='ocrx_word' id='word_1_89' title='bbox 370 1455 454 1532; x_wconf 90' lang='lat' dir='ltr'><strong>jussi,</strong></span> <span class='ocrx_word' id='word_1_90' title='bbox 468 1455 620 1512; x_wconf 86' lang='lat' dir='ltr'><strong>miserum!</strong></span> <span class='ocrx_word' id='word_1_91' title='bbox 642 1462 760 1532; x_wconf 80' lang='lat' dir='ltr'><strong>septena</strong></span> <span class='ocrx_word' id='word_1_92' title='bbox 773 1455 923 1530; x_wconf 79' lang='lat' dir='ltr'><strong>quotannis</strong></span> 
     </span>
     <span class='ocr_line' id='line_1_15' title="bbox 127 1532 896 1610; baseline -0.003 -18"><span class='ocrx_word' id='word_1_93' title='bbox 127 1545 129 1550; x_wconf 87' lang='lat'>&#39;</span> <span class='ocrx_word' id='word_1_94' title='bbox 194 1532 322 1610; x_wconf 87' lang='lat' dir='ltr'><strong>Corpora</strong></span> <span class='ocrx_word' id='word_1_95' title='bbox 333 1541 482 1606; x_wconf 82' lang='lat' dir='ltr'><strong>natorum3</strong></span> <span class='ocrx_word' id='word_1_96' title='bbox 504 1540 559 1592; x_wconf 90' lang='lat' dir='ltr'><strong>stat</strong></span> <span class='ocrx_word' id='word_1_97' title='bbox 571 1532 666 1592; x_wconf 87' lang='lat' dir='ltr'><strong>ductis</strong></span> <span class='ocrx_word' id='word_1_98' title='bbox 680 1532 801 1593; x_wconf 89' lang='lat' dir='ltr'><strong>sortibus</strong></span> <span class='ocrx_word' id='word_1_99' title='bbox 815 1551 896 1591; x_wconf 75' lang='lat' dir='ltr'><strong>urna.</strong></span> 
     </span>
     <span class='ocr_line' id='line_1_16' title="bbox 194 1609 869 1690; baseline 0 -20"><span class='ocrx_word' id='word_1_100' title='bbox 194 1609 303 1670; x_wconf 82' lang='lat' dir='ltr'><strong>Contrd</strong></span> <span class='ocrx_word' id='word_1_101' title='bbox 317 1611 391 1670; x_wconf 89' lang='lat' dir='ltr'><strong>elata</strong></span> <span class='ocrx_word' id='word_1_102' title='bbox 404 1611 475 1669; x_wconf 86' lang='lat' dir='ltr'><strong>mari</strong></span> <span class='ocrx_word' id='word_1_103' title='bbox 488 1613 641 1690; x_wconf 87' lang='lat' dir='ltr'><strong>respondet</strong></span> <span class='ocrx_word' id='word_1_104' title='bbox 654 1612 763 1671; x_wconf 88' lang='lat' dir='ltr'><strong>Gnosia</strong></span> <span class='ocrx_word' id='word_1_105' title='bbox 776 1611 869 1672; x_wconf 87' lang='lat' dir='ltr'><strong>tellus.</strong></span> 
     </span>
     <span class='ocr_line' id='line_1_17' title="bbox 194 1689 866 1770; baseline 0 -22"><span class='ocrx_word' id='word_1_106' title='bbox 194 1689 253 1748; x_wconf 90' lang='lat' dir='ltr'><strong>Hic</strong></span> <span class='ocrx_word' id='word_1_107' title='bbox 267 1691 388 1749; x_wconf 90' lang='lat' dir='ltr'><strong>crudelis</strong></span> <span class='ocrx_word' id='word_1_108' title='bbox 403 1710 482 1749; x_wconf 89' lang='lat' dir='ltr'><strong>amor</strong></span> <span class='ocrx_word' id='word_1_109' title='bbox 494 1691 576 1768; x_wconf 90' lang='lat' dir='ltr'><strong>tauri,</strong></span> <span class='ocrx_word' id='word_1_110' title='bbox 590 1689 780 1770; x_wconf 79' lang='lat' dir='ltr'><strong>suppdstaque</strong></span> <span class='ocrx_word' id='word_1_111' title='bbox 793 1691 866 1750; x_wconf 85' lang='lat' dir='ltr'><strong>furto</strong></span> 
     </span>
     <span class='ocr_line' id='line_1_18' title="bbox 194 1769 956 1849; baseline 0.003 -21"><span class='ocrx_word' id='word_1_112' title='bbox 194 1769 347 1849; x_wconf 64' lang='lat' dir='ltr'><strong>Pasiphae,</strong></span> <span class='ocrx_word' id='word_1_113' title='bbox 361 1770 538 1848; x_wconf 87' lang='lat' dir='ltr'><strong>mixtumque</strong></span> <span class='ocrx_word' id='word_1_114' title='bbox 551 1790 652 1848; x_wconf 85' lang='lat' dir='ltr'><strong>genus,</strong></span> <span class='ocrx_word' id='word_1_115' title='bbox 665 1771 818 1849; x_wconf 84' lang='lat' dir='ltr'><strong>prolesque</strong></span> <span class='ocrx_word' id='word_1_116' title='bbox 829 1769 956 1830; x_wconf 85' lang='lat' dir='ltr'><strong>biformis</strong></span> 
     </span>
     <span class='ocr_line' id='line_1_19' title="bbox 193 1849 1020 1926; baseline 0 -18"><span class='ocrx_word' id='word_1_117' title='bbox 193 1849 375 1908; x_wconf 85' lang='lat' dir='ltr'><strong>Minotaurus</strong></span> <span class='ocrx_word' id='word_1_118' title='bbox 388 1849 472 1926; x_wconf 88' lang='lat' dir='ltr'><strong>inest,</strong></span> <span class='ocrx_word' id='word_1_119' title='bbox 486 1849 610 1912; x_wconf 88' lang='lat' dir='ltr'><strong>Veneris</strong></span> <span class='ocrx_word' id='word_1_120' title='bbox 623 1859 808 1909; x_wconf 88' lang='lat' dir='ltr'><strong>monumenta</strong></span> <span class='ocrx_word' id='word_1_121' title='bbox 820 1849 964 1909; x_wconf 74' lang='lat' dir='ltr'><strong>nefande.</strong></span> <span class='ocrx_word' id='word_1_122' title='bbox 1010 1887 1020 1920; x_wconf 65' lang='lat'>4</span> 
     </span>
     <span class='ocr_line' id='line_1_20' title="bbox 194 1927 889 2006; baseline 0 -20"><span class='ocrx_word' id='word_1_123' title='bbox 194 1927 253 1986; x_wconf 87' lang='lat' dir='ltr'><strong>Hic</strong></span> <span class='ocrx_word' id='word_1_124' title='bbox 267 1927 346 1986; x_wconf 85' lang='lat' dir='ltr'><strong>labor</strong></span> <span class='ocrx_word' id='word_1_125' title='bbox 358 1927 407 1986; x_wconf 91' lang='lat' dir='ltr'><strong>ille</strong></span> <span class='ocrx_word' id='word_1_126' title='bbox 421 1929 531 2006; x_wconf 81' lang='lat' dir='ltr'><strong>domirs,</strong></span> <span class='ocrx_word' id='word_1_127' title='bbox 546 1937 575 1988; x_wconf 91' lang='lat' dir='ltr'><strong>et</strong></span> <span class='ocrx_word' id='word_1_128' title='bbox 588 1928 792 1990; x_wconf 87' lang='lat' dir='ltr'><strong>inextricabilis</strong></span> <span class='ocrx_word' id='word_1_129' title='bbox 806 1948 889 1987; x_wconf 90' lang='lat' dir='ltr'><strong>error.</strong></span> 
     </span>
     <span class='ocr_line' id='line_1_21' title="bbox 194 2007 911 2084; baseline 0.001 -19"><span class='ocrx_word' id='word_1_130' title='bbox 194 2007 335 2084; x_wconf 79' lang='lat' dir='ltr'><strong>Magnum</strong></span> <span class='ocrx_word' id='word_1_131' title='bbox 349 2007 454 2084; x_wconf 84' lang='lat' dir='ltr'><strong>reginae</strong></span> <span class='ocrx_word' id='word_1_132' title='bbox 469 2009 520 2066; x_wconf 90' lang='lat' dir='ltr'><strong>sed</strong></span> <span class='ocrx_word' id='word_1_133' title='bbox 534 2009 611 2066; x_wconf 87' lang='lat' dir='ltr'><strong>enim</strong></span> <span class='ocrx_word' id='word_1_134' title='bbox 624 2009 772 2068; x_wconf 86' lang='lat' dir='ltr'><strong>miseratus</strong></span> <span class='ocrx_word' id='word_1_135' title='bbox 786 2027 911 2066; x_wconf 89' lang='lat' dir='ltr'><strong>amorem</strong></span> 
     </span>
     <span class='ocr_line' id='line_1_22' title="bbox 195 2085 1044 2165; baseline 0.001 -21"><span class='ocrx_word' id='word_1_136' title='bbox 195 2086 341 2162; x_wconf 87' lang='lat' dir='ltr'><strong>Daedalus,</strong></span> <span class='ocrx_word' id='word_1_137' title='bbox 355 2086 417 2163; x_wconf 91' lang='lat' dir='ltr'><strong>ipse</strong></span> <span class='ocrx_word' id='word_1_138' title='bbox 431 2087 511 2146; x_wconf 91' lang='lat' dir='ltr'><strong>dolos</strong></span> <span class='ocrx_word' id='word_1_139' title='bbox 524 2087 592 2146; x_wconf 86' lang='lat' dir='ltr'><strong>tecti</strong></span> <span class='ocrx_word' id='word_1_140' title='bbox 607 2087 796 2165; x_wconf 80' lang='lat' dir='ltr'><strong>ambagesque</strong></span> <span class='ocrx_word' id='word_1_141' title='bbox 810 2085 935 2162; x_wconf 87' lang='lat' dir='ltr'><strong>resolvit,</strong></span> <span class='ocrx_word' id='word_1_142' title='bbox 1041 2128 1044 2136; x_wconf 77' lang='lat'><em>·</em></span> 
     </span>
     <span class='ocr_line' id='line_1_23' title="bbox 195 2165 993 2244; baseline 0.001 -21"><span class='ocrx_word' id='word_1_143' title='bbox 195 2166 282 2224; x_wconf 75' lang='lat' dir='ltr'><strong>Caeca</strong></span> <span class='ocrx_word' id='word_1_144' title='bbox 294 2184 395 2242; x_wconf 82' lang='lat' dir='ltr'><strong>regens</strong></span> <span class='ocrx_word' id='word_1_145' title='bbox 409 2165 457 2224; x_wconf 92' lang='lat' dir='ltr'><strong>filo</strong></span> <span class='ocrx_word' id='word_1_146' title='bbox 470 2166 599 2244; x_wconf 83' lang='lat' dir='ltr'><strong>vestigia</strong></span> <span class='ocrx_word' id='word_1_147' title='bbox 641 2167 687 2226; x_wconf 90' lang='lat' dir='ltr'><strong>Tu</strong></span> <span class='ocrx_word' id='word_1_148' title='bbox 701 2183 816 2244; x_wconf 55' lang='lat' dir='ltr'><strong>quoque*</strong></span> <span class='ocrx_word' id='word_1_149' title='bbox 828 2185 961 2243; x_wconf 86' lang='lat' dir='ltr'><strong>magnam</strong></span> <span class='ocrx_word' id='word_1_150' title='bbox 989 2190 993 2199; x_wconf 93' lang='lat'><strong>·</strong></span> 
     </span>
     <span class='ocr_line' id='line_1_24' title="bbox 194 2244 1018 2323; baseline -0.002 -21"><span class='ocrx_word' id='word_1_151' title='bbox 194 2244 308 2303; x_wconf 89' lang='lat' dir='ltr'><strong>Partem</strong></span> <span class='ocrx_word' id='word_1_152' title='bbox 321 2263 407 2323; x_wconf 92' lang='lat' dir='ltr'><strong>opere</strong></span> <span class='ocrx_word' id='word_1_153' title='bbox 420 2245 450 2303; x_wconf 91' lang='lat' dir='ltr'><strong>iu</strong></span> <span class='ocrx_word' id='word_1_154' title='bbox 463 2254 551 2322; x_wconf 87' lang='lat' dir='ltr'><strong>tanto,</strong></span> <span class='ocrx_word' id='word_1_155' title='bbox 565 2245 671 2306; x_wconf 87' lang='lat' dir='ltr'><strong>sineret</strong></span> <span class='ocrx_word' id='word_1_156' title='bbox 683 2246 771 2323; x_wconf 93' lang='lat' dir='ltr'><strong>dolor,</strong></span> <span class='ocrx_word' id='word_1_157' title='bbox 786 2247 875 2322; x_wconf 88' lang='lat' dir='ltr'><strong>lcare,</strong></span> <span class='ocrx_word' id='word_1_158' title='bbox 889 2244 1018 2304; x_wconf 85' lang='lat' dir='ltr'><strong>haberes.</strong></span> 
     </span>
     <span class='ocr_line' id='line_1_25' title="bbox 194 2323 839 2403; baseline 0.005 -22"><span class='ocrx_word' id='word_1_159' title='bbox 194 2323 246 2382; x_wconf 87' lang='lat' dir='ltr'><strong>Bis</strong></span> <span class='ocrx_word' id='word_1_160' title='bbox 259 2332 376 2382; x_wconf 87' lang='lat' dir='ltr'><strong>conatus</strong></span> <span class='ocrx_word' id='word_1_161' title='bbox 391 2332 451 2383; x_wconf 89' lang='lat' dir='ltr'><strong>erat</strong></span> <span class='ocrx_word' id='word_1_162' title='bbox 464 2345 546 2384; x_wconf 87' lang='lat' dir='ltr'><strong>casus</strong></span> <span class='ocrx_word' id='word_1_163' title='bbox 560 2325 695 2403; x_wconf 85' lang='lat' dir='ltr'><strong>effingere</strong></span> <span class='ocrx_word' id='word_1_164' title='bbox 708 2327 739 2384; x_wconf 92' lang='lat' dir='ltr'><strong>in</strong></span> <span class='ocrx_word' id='word_1_165' title='bbox 752 2345 839 2400; x_wconf 90' lang='lat' dir='ltr'><strong>auro;</strong></span> 
     </span>
     <span class='ocr_line' id='line_1_26' title="bbox 194 2401 1005 2485; baseline 0 -24"><span class='ocrx_word' id='word_1_166' title='bbox 194 2403 246 2462; x_wconf 82' lang='lat' dir='ltr'><strong>Bis</strong></span> <span class='ocrx_word' id='word_1_167' title='bbox 258 2403 356 2481; x_wconf 82' lang='lat' dir='ltr'><strong>patriae</strong></span> <span class='ocrx_word' id='word_1_168' title='bbox 370 2401 501 2464; x_wconf 70' lang='lat' dir='ltr'><strong>cecidere</strong></span> <span class='ocrx_word' id='word_1_169' title='bbox 515 2424 625 2464; x_wconf 84' lang='lat' dir='ltr'><strong>manus.</strong></span> <span class='ocrx_word' id='word_1_170' title='bbox 669 2405 746 2478; x_wconf 85' lang='lat' dir='ltr'><strong>Quin</strong></span> <span class='ocrx_word' id='word_1_171' title='bbox 760 2413 896 2485; x_wconf 84' lang='lat' dir='ltr'><strong>protenus</strong></span> <span class='ocrx_word' id='word_1_172' title='bbox 909 2403 1005 2464; x_wconf 85' lang='lat' dir='ltr'><strong>omnia</strong></span> 
     </span>
     <span class='ocr_line' id='line_1_27' title="bbox 194 2480 920 2563; baseline 0.003 -23"><span class='ocrx_word' id='word_1_173' title='bbox 194 2480 378 2558; x_wconf 86' lang='lat' dir='ltr'><strong>Perlegereut</strong></span> <span class='ocrx_word' id='word_1_174' title='bbox 391 2484 490 2560; x_wconf 88' lang='lat' dir='ltr'><strong>oculis,</strong></span> <span class='ocrx_word' id='word_1_175' title='bbox 505 2485 536 2542; x_wconf 90' lang='lat' dir='ltr'><strong>ni</strong></span> <span class='ocrx_word' id='word_1_176' title='bbox 545 2487 606 2563; x_wconf 92' lang='lat' dir='ltr'><strong>jam</strong></span> <span class='ocrx_word' id='word_1_177' title='bbox 618 2485 780 2562; x_wconf 87' lang='lat' dir='ltr'><strong>praemissus</strong></span> <span class='ocrx_word' id='word_1_178' title='bbox 794 2484 920 2544; x_wconf 80' lang='lat' dir='ltr'><strong>Achates</strong></span> 
     </span>
    </p>
   </div>
   <div class='ocr_carea' id='block_1_3' title="bbox 87 2557 934 2642">
    <p class='ocr_par' dir='ltr' id='par_1_7' title="bbox 87 2557 934 2642">
     <span class='ocr_line' id='line_1_28' title="bbox 87 2557 934 2642; baseline 0.006 -26"><span class='ocrx_word' id='word_1_179' title='bbox 87 2597 90 2616; x_wconf 86' lang='lat'><strong>.</strong></span> <span class='ocrx_word' id='word_1_180' title='bbox 193 2557 313 2636; x_wconf 79' lang='lat' dir='ltr'><strong>Afforet,</strong></span> <span class='ocrx_word' id='word_1_181' title='bbox 328 2569 412 2638; x_wconf 87' lang='lat' dir='ltr'><strong>atque</strong></span> <span class='ocrx_word' id='word_1_182' title='bbox 426 2563 484 2620; x_wconf 74' lang='lat' dir='ltr'><strong>unia</strong></span> <span class='ocrx_word' id='word_1_183' title='bbox 497 2562 602 2622; x_wconf 87' lang='lat' dir='ltr'><strong>Phoebi</strong></span> <span class='ocrx_word' id='word_1_184' title='bbox 616 2564 778 2642; x_wconf 68' lang='lat' dir='ltr'><strong>Triviaeque</strong></span> <span class='ocrx_word' id='word_1_185' title='bbox 792 2563 934 2638; x_wconf 82' lang='lat' dir='ltr'><strong>sacerdos,</strong></span> 
     </span>
    </p>
   </div>
   <div class='ocr_carea' id='block_1_4' title="bbox 193 2638 916 2798">
    <p class='ocr_par' dir='ltr' id='par_1_8' title="bbox 193 2638 916 2798">
     <span class='ocr_line' id='line_1_29' title="bbox 194 2638 916 2719; baseline 0.001 -21"><span class='ocrx_word' id='word_1_186' title='bbox 194 2638 348 2717; x_wconf 88' lang='lat' dir='ltr'><strong>Deiphobe</strong></span> <span class='ocrx_word' id='word_1_187' title='bbox 362 2641 474 2715; x_wconf 84' lang='lat' dir='ltr'><strong>Glauci,</strong></span> <span class='ocrx_word' id='word_1_188' title='bbox 489 2641 563 2712; x_wconf 82' lang='lat' dir='ltr'><strong>satur</strong></span> <span class='ocrx_word' id='word_1_189' title='bbox 576 2661 639 2718; x_wconf 80' lang='lat' dir='ltr'><strong>quse</strong></span> <span class='ocrx_word' id='word_1_190' title='bbox 653 2643 720 2701; x_wconf 85' lang='lat' dir='ltr'><strong>talia</strong></span> <span class='ocrx_word' id='word_1_191' title='bbox 732 2643 810 2719; x_wconf 85' lang='lat' dir='ltr'><strong>regi:</strong></span> <span class='ocrx_word' id='word_1_192' title='bbox 913 2674 916 2679; x_wconf 96' lang='lat'>·</span> 
     </span>
     <span class='ocr_line' id='line_1_30' title="bbox 193 2717 888 2798; baseline -0.003 -20"><span class='ocrx_word' id='word_1_193' title='bbox 193 2717 263 2778; x_wconf 88' lang='lat' dir='ltr'><strong>Non</strong></span> <span class='ocrx_word' id='word_1_194' title='bbox 276 2717 332 2776; x_wconf 90' lang='lat' dir='ltr'><strong>hoc</strong></span> <span class='ocrx_word' id='word_1_195' title='bbox 345 2719 398 2777; x_wconf 90' lang='lat' dir='ltr'><strong>ista</strong></span> <span class='ocrx_word' id='word_1_196' title='bbox 412 2717 466 2776; x_wconf 90' lang='lat' dir='ltr'><strong>sibi</strong></span> <span class='ocrx_word' id='word_1_197' title='bbox 479 2727 593 2795; x_wconf 89' lang='lat' dir='ltr'><strong>tempus</strong></span> <span class='ocrx_word' id='word_1_198' title='bbox 606 2720 767 2796; x_wconf 88' lang='lat' dir='ltr'><strong>spectacula</strong></span> <span class='ocrx_word' id='word_1_199' title='bbox 778 2719 888 2798; x_wconf 90' lang='lat' dir='ltr'><strong>poscit:</strong></span> 
     </span>
    </p>
   </div>
   <div class='ocr_carea' id='block_1_5' title="bbox 79 2787 961 2876">
    <p class='ocr_par' dir='ltr' id='par_1_9' title="bbox 79 2787 961 2876">
     <span class='ocr_line' id='line_1_31' title="bbox 79 2787 961 2876; baseline -0.001 -20"><span class='ocrx_word' id='word_1_200' title='bbox 79 2787 81 2808; x_wconf 73' lang='lat'><strong><em>⁵</em></strong></span> <span class='ocrx_word' id='word_1_201' title='bbox 194 2797 282 2856; x_wconf 88' lang='lat' dir='ltr'><strong>Nunc</strong></span> <span class='ocrx_word' id='word_1_202' title='bbox 295 2815 380 2872; x_wconf 82' lang='lat' dir='ltr'><strong>grege</strong></span> <span class='ocrx_word' id='word_1_203' title='bbox 394 2798 429 2854; x_wconf 93' lang='lat' dir='ltr'><strong>de</strong></span> <span class='ocrx_word' id='word_1_204' title='bbox 443 2797 549 2855; x_wconf 89' lang='lat' dir='ltr'><strong>intacto</strong></span> <span class='ocrx_word' id='word_1_205' title='bbox 563 2807 672 2875; x_wconf 84' lang='lat' dir='ltr'><strong>septem</strong></span> <span class='ocrx_word' id='word_1_206' title='bbox 685 2807 807 2856; x_wconf 87' lang='lat' dir='ltr'><strong>mactare</strong></span> <span class='ocrx_word' id='word_1_207' title='bbox 817 2799 961 2876; x_wconf 86' lang='lat' dir='ltr'><strong>juvencos.</strong></span> 
     </span>
    </p>
   </div>
   <div class='ocr_carea' id='block_1_6' title="bbox 193 2875 1002 3745">
    <p class='ocr_par' dir='ltr' id='par_1_10' title="bbox 193 2875 1002 3745">
     <span class='ocr_line' id='line_1_32' title="bbox 194 2875 902 2951; baseline -0.006 -17"><span class='ocrx_word' id='word_1_208' title='bbox 194 2875 369 2951; x_wconf 78' lang='lat' dir='ltr'><strong>Praestiterit,</strong></span> <span class='ocrx_word' id='word_1_209' title='bbox 384 2875 502 2934; x_wconf 90' lang='lat' dir='ltr'><strong>totidem</strong></span> <span class='ocrx_word' id='word_1_210' title='bbox 516 2875 604 2934; x_wconf 85' lang='lat' dir='ltr'><strong>lectas</strong></span> <span class='ocrx_word' id='word_1_211' title='bbox 617 2877 653 2934; x_wconf 89' lang='lat' dir='ltr'><strong>de</strong></span> <span class='ocrx_word' id='word_1_212' title='bbox 667 2895 745 2934; x_wconf 91' lang='lat' dir='ltr'><strong>more</strong></span> <span class='ocrx_word' id='word_1_213' title='bbox 759 2875 902 2934; x_wconf 65' lang='lat' dir='ltr'><strong>bidentes.</strong></span> 
     </span>
     <span class='ocr_line' id='line_1_33' title="bbox 233 2952 914 3032; baseline -0.003 -20"><span class='ocrx_word' id='word_1_214' title='bbox 233 2953 353 3013; x_wconf 88' lang='lat' dir='ltr'><strong>Talibus</strong></span> <span class='ocrx_word' id='word_1_215' title='bbox 367 2953 451 3012; x_wconf 84' lang='lat' dir='ltr'><strong>affata</strong></span> <span class='ocrx_word' id='word_1_216' title='bbox 463 2954 578 3013; x_wconf 85' lang='lat' dir='ltr'><strong>AEnean</strong></span> <span class='ocrx_word' id='word_1_217' title='bbox 597 2952 665 3032; x_wconf 87' lang='lat' dir='ltr'><strong>(nec</strong></span> <span class='ocrx_word' id='word_1_218' title='bbox 680 2974 758 3014; x_wconf 87' lang='lat' dir='ltr'><strong>sacra</strong></span> <span class='ocrx_word' id='word_1_219' title='bbox 771 2961 914 3012; x_wconf 80' lang='lat' dir='ltr'><strong>morantur</strong></span> 
     </span>
     <span class='ocr_line' id='line_1_34' title="bbox 193 3030 991 3112; baseline -0.004 -20"><span class='ocrx_word' id='word_1_220' title='bbox 193 3033 210 3092; x_wconf 86' lang='lat' dir='ltr'>J</span> <span class='ocrx_word' id='word_1_221' title='bbox 212 3052 277 3093; x_wconf 85' lang='lat' dir='ltr'><strong>ussa</strong></span> <span class='ocrx_word' id='word_1_222' title='bbox 289 3032 357 3112; x_wconf 87' lang='lat' dir='ltr'><strong>viri)</strong></span> <span class='ocrx_word' id='word_1_223' title='bbox 375 3034 502 3092; x_wconf 87' lang='lat' dir='ltr'><strong>Teucros</strong></span> <span class='ocrx_word' id='word_1_224' title='bbox 515 3043 600 3092; x_wconf 84' lang='lat' dir='ltr'><strong>vocat</strong></span> <span class='ocrx_word' id='word_1_225' title='bbox 613 3035 669 3093; x_wconf 86' lang='lat' dir='ltr'><strong>alta</strong></span> <span class='ocrx_word' id='word_1_226' title='bbox 680 3035 709 3092; x_wconf 88' lang='lat' dir='ltr'><strong>in</strong></span> <span class='ocrx_word' id='word_1_227' title='bbox 724 3033 831 3111; x_wconf 87' lang='lat' dir='ltr'><strong>templa</strong></span> <span class='ocrx_word' id='word_1_228' title='bbox 843 3030 991 3109; x_wconf 61' lang='lat' dir='ltr'><strong>sacerdos„</strong></span> 
     </span>
     <span class='ocr_line' id='line_1_35' title="bbox 193 3112 968 3191; baseline -0.005 -19"><span class='ocrx_word' id='word_1_229' title='bbox 193 3113 333 3172; x_wconf 84' lang='lat' dir='ltr'><strong>Excisum</strong></span> <span class='ocrx_word' id='word_1_230' title='bbox 347 3112 487 3171; x_wconf 86' lang='lat' dir='ltr'><strong>Euboicae</strong></span> <span class='ocrx_word' id='word_1_231' title='bbox 501 3112 575 3172; x_wconf 90' lang='lat' dir='ltr'><strong>latus</strong></span> <span class='ocrx_word' id='word_1_232' title='bbox 588 3113 688 3190; x_wconf 85' lang='lat' dir='ltr'><strong>ingens</strong></span> <span class='ocrx_word' id='word_1_233' title='bbox 701 3113 780 3191; x_wconf 87' lang='lat' dir='ltr'><strong>rupis</strong></span> <span class='ocrx_word' id='word_1_234' title='bbox 793 3113 968 3186; x_wconf 62' lang='lat' dir='ltr'><strong>in‘autrum„</strong></span> 
     </span>
     <span class='ocr_line' id='line_1_36' title="bbox 195 3188 929 3270; baseline -0.001 -20"><span class='ocrx_word' id='word_1_235' title='bbox 195 3188 262 3263; x_wconf 78' lang='lat' dir='ltr'><strong>Quo</strong></span> <span class='ocrx_word' id='word_1_236' title='bbox 275 3192 324 3251; x_wconf 91' lang='lat' dir='ltr'><strong>lati</strong></span> <span class='ocrx_word' id='word_1_237' title='bbox 338 3192 446 3256; x_wconf 78' lang='lat' dir='ltr'><strong>ducunt</strong></span> <span class='ocrx_word' id='word_1_238' title='bbox 459 3192 551 3252; x_wconf 88' lang='lat' dir='ltr'><strong>aditus</strong></span> <span class='ocrx_word' id='word_1_239' title='bbox 565 3202 688 3270; x_wconf 89' lang='lat' dir='ltr'><strong>centurn,</strong></span> <span class='ocrx_word' id='word_1_240' title='bbox 703 3193 778 3252; x_wconf 61' lang='lat' dir='ltr'><strong>ostffl</strong></span> <span class='ocrx_word' id='word_1_241' title='bbox 788 3199 903 3252; x_wconf 89' lang='lat' dir='ltr'><strong>centum</strong></span> <span class='ocrx_word' id='word_1_242' title='bbox 912 3209 929 3264; x_wconf 25' lang='lat'><strong>5,</strong></span> 
     </span>
     <span class='ocr_line' id='line_1_37' title="bbox 194 3269 916 3351; baseline -0.003 -19"><span class='ocrx_word' id='word_1_243' title='bbox 194 3269 281 3332; x_wconf 88' lang='lat' dir='ltr'><strong>Unde</strong></span> <span class='ocrx_word' id='word_1_244' title='bbox 295 3279 379 3330; x_wconf 92' lang='lat' dir='ltr'><strong>ruunt</strong></span> <span class='ocrx_word' id='word_1_245' title='bbox 392 3272 509 3331; x_wconf 87' lang='lat' dir='ltr'><strong>totidem</strong></span> <span class='ocrx_word' id='word_1_246' title='bbox 522 3291 617 3347; x_wconf 87' lang='lat' dir='ltr'><strong>voces,</strong></span> <span class='ocrx_word' id='word_1_247' title='bbox 631 3292 767 3351; x_wconf 88' lang='lat' dir='ltr'><strong>responsa</strong></span> <span class='ocrx_word' id='word_1_248' title='bbox 780 3270 916 3348; x_wconf 59' lang='lat' dir='ltr'><strong>Sibyllae.</strong></span> 
     </span>
     <span class='ocr_line' id='line_1_38' title="bbox 193 3348 976 3430; baseline -0.003 -22"><span class='ocrx_word' id='word_1_249' title='bbox 193 3348 322 3408; x_wconf 84' lang='lat' dir='ltr'><strong>Ventum</strong></span> <span class='ocrx_word' id='word_1_250' title='bbox 336 3359 396 3410; x_wconf 87' lang='lat' dir='ltr'><strong>crat</strong></span> <span class='ocrx_word' id='word_1_251' title='bbox 409 3351 445 3409; x_wconf 87' lang='lat' dir='ltr'><strong>ad</strong></span> <span class='ocrx_word' id='word_1_252' title='bbox 458 3351 555 3426; x_wconf 90' lang='lat' dir='ltr'><strong>limen,</strong></span> <span class='ocrx_word' id='word_1_253' title='bbox 570 3370 658 3428; x_wconf 92' lang='lat' dir='ltr'><strong>quum</strong></span> <span class='ocrx_word' id='word_1_254' title='bbox 670 3353 759 3430; x_wconf 53' lang='lat' dir='ltr'><strong>virm,</strong></span> <span class='ocrx_word' id='word_1_255' title='bbox 773 3351 897 3411; x_wconf 80' lang='lat' dir='ltr'><strong>Poscere</strong></span> <span class='ocrx_word' id='word_1_256' title='bbox 910 3349 976 3408; x_wconf 54' lang='lat' dir='ltr'><strong>fetat</strong></span> 
     </span>
     <span class='ocr_line' id='line_1_39' title="bbox 195 3427 953 3508; baseline 0 -22"><span class='ocrx_word' id='word_1_257' title='bbox 195 3427 333 3506; x_wconf 88' lang='lat' dir='ltr'><strong>Tempus,</strong></span> <span class='ocrx_word' id='word_1_258' title='bbox 348 3429 405 3487; x_wconf 88' lang='lat' dir='ltr'><strong>ait:</strong></span> <span class='ocrx_word' id='word_1_259' title='bbox 428 3430 507 3507; x_wconf 92' lang='lat' dir='ltr'><strong>deus,</strong></span> <span class='ocrx_word' id='word_1_260' title='bbox 522 3449 599 3506; x_wconf 80' lang='lat' dir='ltr'><strong>ecce,</strong></span> <span class='ocrx_word' id='word_1_261' title='bbox 614 3431 697 3490; x_wconf 84' lang='lat' dir='ltr'><strong>deus..</strong></span> <span class='ocrx_word' id='word_1_262' title='bbox 723 3431 791 3508; x_wconf 73' lang='lat' dir='ltr'><strong>‚cui</strong></span> <span class='ocrx_word' id='word_1_263' title='bbox 804 3429 871 3490; x_wconf 84' lang='lat' dir='ltr'><strong>talia</strong></span> <span class='ocrx_word' id='word_1_264' title='bbox 883 3428 953 3500; x_wconf 85' lang='lat' dir='ltr'><strong>fanti</strong></span> 
     </span>
     <span class='ocr_line' id='line_1_40' title="bbox 194 3505 926 3584; baseline 0 -18"><span class='ocrx_word' id='word_1_265' title='bbox 194 3509 271 3566; x_wconf 78' lang='lat' dir='ltr'><strong>Ante</strong></span> <span class='ocrx_word' id='word_1_266' title='bbox 284 3506 367 3583; x_wconf 85' lang='lat' dir='ltr'><strong>fores,</strong></span> <span class='ocrx_word' id='word_1_267' title='bbox 382 3505 476 3566; x_wconf 82' lang='lat' dir='ltr'><strong>subitd</strong></span> <span class='ocrx_word' id='word_1_268' title='bbox 490 3529 549 3567; x_wconf 51' lang='lat' dir='ltr'><strong>non¹</strong></span> <span class='ocrx_word' id='word_1_269' title='bbox 561 3509 666 3584; x_wconf 85' lang='lat' dir='ltr'><strong>vultus,</strong></span> <span class='ocrx_word' id='word_1_270' title='bbox 680 3529 742 3569; x_wconf 26' lang='lat' dir='ltr'><strong>noa*</strong></span> <span class='ocrx_word' id='word_1_271' title='bbox 752 3508 829 3568; x_wconf 86' lang='lat' dir='ltr'><strong>color</strong></span> <span class='ocrx_word' id='word_1_272' title='bbox 841 3527 926 3583; x_wconf 90' lang='lat' dir='ltr'><strong>unus,</strong></span> 
     </span>
     <span class='ocr_line' id='line_1_41' title="bbox 194 3585 1000 3667; baseline -0.004 -21"><span class='ocrx_word' id='word_1_273' title='bbox 194 3585 226 3646; x_wconf 88' lang='lat' dir='ltr'>N</span> <span class='ocrx_word' id='word_1_274' title='bbox 227 3606 265 3645; x_wconf 86' lang='lat' dir='ltr'><strong>ou</strong></span> <span class='ocrx_word' id='word_1_275' title='bbox 277 3604 340 3644; x_wconf 89' lang='lat' dir='ltr'><strong>com</strong></span> <span class='ocrx_word' id='word_1_276' title='bbox 361 3593 397 3644; x_wconf 77' lang='lat' dir='ltr'><strong>te</strong></span> <span class='ocrx_word' id='word_1_277' title='bbox 410 3585 540 3646; x_wconf 66' lang='lat' dir='ltr'><strong>mansere</strong></span> <span class='ocrx_word' id='word_1_278' title='bbox 553 3607 662 3662; x_wconf 82' lang='lat' dir='ltr'><strong>comae3</strong></span> <span class='ocrx_word' id='word_1_279' title='bbox 684 3588 737 3646; x_wconf 90' lang='lat' dir='ltr'><strong>sed</strong></span> <span class='ocrx_word' id='word_1_280' title='bbox 747 3596 847 3667; x_wconf 84' lang='lat' dir='ltr'><strong>pectus</strong></span> <span class='ocrx_word' id='word_1_281' title='bbox 860 3585 1000 3646; x_wconf 86' lang='lat' dir='ltr'><strong>anhelum·</strong></span> 
     </span>
     <span class='ocr_line' id='line_1_42' title="bbox 195 3606 1002 3745; baseline -0.001 -21"><span class='ocrx_word' id='word_1_282' title='bbox 195 3665 238 3724; x_wconf 82' lang='lat' dir='ltr'><strong>Et</strong></span> <span class='ocrx_word' id='word_1_283' title='bbox 249 3664 326 3723; x_wconf 88' lang='lat' dir='ltr'><strong>rabie</strong></span> <span class='ocrx_word' id='word_1_284' title='bbox 339 3606 398 3736; x_wconf 65' lang='lat' dir='ltr'><strong>leta</strong></span> <span class='ocrx_word' id='word_1_285' title='bbox 411 3666 497 3724; x_wconf 91' lang='lat' dir='ltr'><strong>corda</strong></span> <span class='ocrx_word' id='word_1_286' title='bbox 509 3673 630 3741; x_wconf 82' lang='lat' dir='ltr'><strong>tument,</strong></span> <span class='ocrx_word' id='word_1_287' title='bbox 642 3670 788 3745; x_wconf 89' lang='lat' dir='ltr'><strong>majorque</strong></span> <span class='ocrx_word' id='word_1_288' title='bbox 801 3666 900 3741; x_wconf 86' lang='lat' dir='ltr'><strong>videri,</strong></span> <span class='ocrx_word' id='word_1_289' title='bbox 997 3705 1002 3712; x_wconf 85' lang='lat'><em>-</em></span> 
     </span>
    </p>
   </div>
   <div class='ocr_carea' id='block_1_7' title="bbox 83 3743 937 3822">
    <p class='ocr_par' dir='ltr' id='par_1_11' title="bbox 83 3743 937 3822">
     <span class='ocr_line' id='line_1_43' title="bbox 83 3743 937 3822; baseline -0.006 -19"><span class='ocrx_word' id='word_1_290' title='bbox 83 3776 88 3783; x_wconf 94' lang='lat'>-</span> <span class='ocrx_word' id='word_1_291' title='bbox 194 3743 261 3803; x_wconf 91' lang='lat' dir='ltr'><strong>Nec</strong></span> <span class='ocrx_word' id='word_1_292' title='bbox 274 3743 392 3802; x_wconf 87' lang='lat' dir='ltr'><strong>mortale</strong></span> <span class='ocrx_word' id='word_1_293' title='bbox 406 3762 518 3820; x_wconf 84' lang='lat' dir='ltr'><strong>sonans,</strong></span> <span class='ocrx_word' id='word_1_294' title='bbox 534 3743 627 3802; x_wconf 86' lang='lat' dir='ltr'><strong>afflata</strong></span> <span class='ocrx_word' id='word_1_295' title='bbox 640 3753 682 3802; x_wconf 86' lang='lat' dir='ltr'><strong>est</strong></span> <span class='ocrx_word' id='word_1_296' title='bbox 695 3745 811 3804; x_wconf 89' lang='lat' dir='ltr'><strong>numine</strong></span> <span class='ocrx_word' id='word_1_297' title='bbox 825 3743 937 3822; x_wconf 86' lang='lat' dir='ltr'><strong>quando</strong></span> 
     </span>
    </p>
   </div>
   <div class='ocr_carea' id='block_1_8' title="bbox 193 3821 916 3960">
    <p class='ocr_par' dir='ltr' id='par_1_12' title="bbox 193 3821 916 3960">
     <span class='ocr_line' id='line_1_44' title="bbox 193 3821 916 3960; baseline 0 -80"><span class='ocrx_word' id='word_1_298' title='bbox 193 3821 260 3895; x_wconf 77' lang='lat' dir='ltr'><strong>Jarn</strong></span> <span class='ocrx_word' id='word_1_299' title='bbox 272 3822 403 3960; x_wconf 59' lang='lat' dir='ltr'><strong>propipqe</strong></span> <span class='ocrx_word' id='word_1_300' title='bbox 417 3821 471 3880; x_wconf 87' lang='lat' dir='ltr'><strong>dei.</strong></span> <span class='ocrx_word' id='word_1_301' title='bbox 513 3823 617 3882; x_wconf 80' lang='lat' dir='ltr'><strong>Cessas</strong></span> <span class='ocrx_word' id='word_1_302' title='bbox 630 3823 659 3880; x_wconf 90' lang='lat' dir='ltr'><strong>in</strong></span> <span class='ocrx_word' id='word_1_303' title='bbox 672 3832 739 3882; x_wconf 86' lang='lat' dir='ltr'><strong>vota</strong></span> <span class='ocrx_word' id='word_1_304' title='bbox 751 3841 916 3901; x_wconf 86' lang='lat' dir='ltr'><strong>precesque,</strong></span> 
     </span>
    </p>
   </div>
   <div class='ocr_carea' id='block_1_9' title="bbox 0 0 1542 4514">
    <p class='ocr_par' dir='ltr' id='par_1_13' title="bbox 0 0 1542 4514">
     <span class='ocr_line' id='line_1_45' title="bbox 0 0 1542 4514; baseline 0 0"><span class='ocrx_word' id='word_1_305' title='bbox 0 0 1542 4514; x_wconf 95' lang='lat' dir='ltr'><strong> </strong></span> 
     </span>
    </p>
   </div>
  </div>
 </body>
</html>
