<?xml version="1.0" encoding="UTF-8"?>
<!DOCTYPE html PUBLIC "-//W3C//DTD XHTML 1.0 Transitional//EN"
    "http://www.w3.org/TR/xhtml1/DTD/xhtml1-transitional.dtd">
<html xmlns="http://www.w3.org/1999/xhtml" xml:lang="en" lang="en">
 <head>
  <title>
</title>
<meta http-equiv="Content-Type" content="text/html;charset=utf-8" />
  <meta name='ocr-system' content='tesseract 3.04.00' />
  <meta name='ocr-capabilities' content='ocr_page ocr_carea ocr_par ocr_line ocrx_word'/>
</head>
<body>
  <div class='ocr_page' id='page_1' title='image "./bucolicageorgic06virggoog/bucolicageorgic06virggoog_0302.png"; bbox 0 0 2540 4320; ppageno 0'>
   <div class='ocr_carea' id='block_1_1' title="bbox 458 362 704 448">
    <p class='ocr_par' dir='ltr' id='par_1_1' title="bbox 458 362 704 448">
     <span class='ocr_line' id='line_1_1' title="bbox 458 362 704 448; baseline -0.004 -32"><span class='ocrx_word' id='word_1_1' title='bbox 458 362 588 448; x_wconf 15' lang='lat' dir='ltr'>&#39;LIBER</span> <span class='ocrx_word' id='word_1_2' title='bbox 607 362 670 416; x_wconf 87' lang='lat' dir='ltr'><strong>XII.</strong></span> <span class='ocrx_word' id='word_1_3' title='bbox 701 425 704 428; x_wconf 15' lang='lat'><strong>⁴</strong></span> 
     </span>
    </p>
   </div>
   <div class='ocr_carea' id='block_1_2' title="bbox 87 511 1065 746">
    <p class='ocr_par' dir='ltr' id='par_1_2' title="bbox 87 511 1065 746">
     <span class='ocr_line' id='line_1_2' title="bbox 87 511 797 590; baseline -0.003 -20"><span class='ocrx_word' id='word_1_4' title='bbox 87 511 154 577; x_wconf 86' lang='lat' dir='ltr'>Has</span> <span class='ocrx_word' id='word_1_5' title='bbox 167 511 246 570; x_wconf 88' lang='lat' dir='ltr'>iuter</span> <span class='ocrx_word' id='word_1_6' title='bbox 258 529 353 590; x_wconf 82' lang='lat' dir='ltr'>voces,</span> <span class='ocrx_word' id='word_1_7' title='bbox 367 511 462 570; x_wconf 85' lang='lat' dir='ltr'>medis</span> <span class='ocrx_word' id='word_1_8' title='bbox 473 512 547 571; x_wconf 89' lang='lat' dir='ltr'>inter</span> <span class='ocrx_word' id='word_1_9' title='bbox 561 511 628 571; x_wconf 88' lang='lat' dir='ltr'>talia</span> <span class='ocrx_word' id='word_1_10' title='bbox 640 511 736 587; x_wconf 82' lang='lat' dir='ltr'>rerba,</span> <span class='ocrx_word' id='word_1_11' title='bbox 796 524 797 529; x_wconf 74' lang='grc'>’</span> 
     </span>
     <span class='ocr_line' id='line_1_3' title="bbox 87 588 1002 667; baseline -0.004 -18"><span class='ocrx_word' id='word_1_12' title='bbox 87 591 174 650; x_wconf 88' lang='lat' dir='ltr'>Ecce</span> <span class='ocrx_word' id='word_1_13' title='bbox 188 590 252 648; x_wconf 89' lang='lat' dir='ltr'>viro</span> <span class='ocrx_word' id='word_1_14' title='bbox 265 588 386 649; x_wconf 89' lang='lat' dir='ltr'>stridens</span> <span class='ocrx_word' id='word_1_15' title='bbox 400 591 452 648; x_wconf 84' lang='lat' dir='ltr'>alis</span> <span class='ocrx_word' id='word_1_16' title='bbox 466 591 572 667; x_wconf 88' lang='lat' dir='ltr'>allapsa</span> <span class='ocrx_word' id='word_1_17' title='bbox 584 590 684 665; x_wconf 84' lang='lat' dir='ltr'>sagitta</span> <span class='ocrx_word' id='word_1_18' title='bbox 697 598 755 649; x_wconf 90' lang='lat' dir='ltr'>est:</span> <span class='ocrx_word' id='word_1_19' title='bbox 998 637 1002 645; x_wconf 93' lang='lat'><strong>.</strong></span> 
     </span>
     <span class='ocr_line' id='line_1_4' title="bbox 88 667 1065 746; baseline 0.003 -19"><span class='ocrx_word' id='word_1_20' title='bbox 88 670 243 729; x_wconf 87' lang='lat' dir='ltr'>Incertum</span> <span class='ocrx_word' id='word_1_21' title='bbox 256 669 315 746; x_wconf 66' lang='lat' dir='ltr'>quia</span> <span class='ocrx_word' id='word_1_22' title='bbox 326 669 409 746; x_wconf 88' lang='lat' dir='ltr'>pulsa</span> <span class='ocrx_word' id='word_1_23' title='bbox 421 689 518 745; x_wconf 91' lang='lat' dir='ltr'>manu,</span> <span class='ocrx_word' id='word_1_24' title='bbox 528 684 588 746; x_wconf 84' lang='lat' dir='ltr'>¹quo</span> <span class='ocrx_word' id='word_1_25' title='bbox 602 667 713 727; x_wconf 89' lang='lat' dir='ltr'>turbiue</span> <span class='ocrx_word' id='word_1_26' title='bbox 728 669 845 744; x_wconf 82' lang='lat' dir='ltr'>adacta3</span> <span class='ocrx_word' id='word_1_27' title='bbox 978 701 980 705; x_wconf 43' lang='lat'><em>⁷</em></span> <span class='ocrx_word' id='word_1_28' title='bbox 1009 677 1065 730; x_wconf 78' lang='lat'>320</span> 
     </span>
    </p>
   </div>
   <div class='ocr_carea' id='block_1_3' title="bbox 67 748 1065 1771">
    <p class='ocr_par' dir='ltr' id='par_1_3' title="bbox 87 748 880 984">
     <span class='ocr_line' id='line_1_5' title="bbox 89 748 838 826; baseline 0.003 -20"><span class='ocrx_word' id='word_1_29' title='bbox 89 749 168 820; x_wconf 81' lang='lat' dir='ltr'>Quis</span> <span class='ocrx_word' id='word_1_30' title='bbox 182 755 292 806; x_wconf 87' lang='lat' dir='ltr'>tantam</span> <span class='ocrx_word' id='word_1_31' title='bbox 305 748 420 806; x_wconf 85' lang='lat' dir='ltr'><strong>Rutulis</strong></span> <span class='ocrx_word' id='word_1_32' title='bbox 434 749 703 823; x_wconf 89' lang='lat' dir='ltr'>laudem,·casusne,</span> <span class='ocrx_word' id='word_1_33' title='bbox 718 749 838 826; x_wconf 86' lang='lat' dir='ltr'>deusne,</span> 
     </span>
     <span class='ocr_line' id='line_1_6' title="bbox 87 825 880 904; baseline -0.003 -16"><span class='ocrx_word' id='word_1_34' title='bbox 87 826 233 888; x_wconf 83' lang='lat' dir='ltr'>Attulerit</span> <span class='ocrx_word' id='word_1_35' title='bbox 247 847 253 884; x_wconf 93' lang='lat'><strong>:</strong></span> <span class='ocrx_word' id='word_1_36' title='bbox 274 845 372 904; x_wconf 88' lang='lat' dir='ltr'>pressa</span> <span class='ocrx_word' id='word_1_37' title='bbox 384 835 429 885; x_wconf 90' lang='lat' dir='ltr'>est</span> <span class='ocrx_word' id='word_1_38' title='bbox 440 827 560 903; x_wconf 89' lang='lat' dir='ltr'>insignis</span> <span class='ocrx_word' id='word_1_39' title='bbox 574 826 664 902; x_wconf 85' lang='lat' dir='ltr'>gloria</span> <span class='ocrx_word' id='word_1_40' title='bbox 676 825 762 900; x_wconf 77' lang='lat' dir='ltr'>facti3</span> <span class='ocrx_word' id='word_1_41' title='bbox 828 899 830 903; x_wconf 23' lang='grc' dir='ltr'>Ι</span> <span class='ocrx_word' id='word_1_42' title='bbox 877 832 880 837; x_wconf 85' lang='grc'><strong>’</strong></span> 
     </span>
     <span class='ocr_line' id='line_1_7' title="bbox 88 905 786 984; baseline -0.004 -19"><span class='ocrx_word' id='word_1_43' title='bbox 88 907 121 965; x_wconf 95' lang='lat' dir='ltr'>N</span> <span class='ocrx_word' id='word_1_44' title='bbox 124 925 160 964; x_wconf 92' lang='lat' dir='ltr'>ec</span> <span class='ocrx_word' id='word_1_45' title='bbox 174 924 240 964; x_wconf 89' lang='lat' dir='ltr'>sese</span> <span class='ocrx_word' id='word_1_46' title='bbox 254 905 482 984; x_wconf 82' lang='lat' dir='ltr'>AEnee-jactavit</span> <span class='ocrx_word' id='word_1_47' title='bbox 494 905 612 984; x_wconf 88' lang='lat' dir='ltr'>vulnere</span> <span class='ocrx_word' id='word_1_48' title='bbox 626 905 786 982; x_wconf 90' lang='lat' dir='ltr'>quisquam.</span> 
     </span>
    </p>

    <p class='ocr_par' dir='ltr' id='par_1_4' title="bbox 91 985 1065 1296">
     <span class='ocr_line' id='line_1_8' title="bbox 132 985 960 1061; baseline 0 -19"><span class='ocrx_word' id='word_1_49' title='bbox 132 985 262 1060; x_wconf 86' lang='lat' dir='ltr'>Turnus,</span> <span class='ocrx_word' id='word_1_50' title='bbox 277 993 308 1043; x_wconf 95' lang='lat' dir='ltr'>ut</span> <span class='ocrx_word' id='word_1_51' title='bbox 321 985 434 1044; x_wconf 87' lang='lat' dir='ltr'>AEneau</span> <span class='ocrx_word' id='word_1_52' title='bbox 448 986 599 1043; x_wconf 81' lang='lat' dir='ltr'><strong>cedentem</strong></span> <span class='ocrx_word' id='word_1_53' title='bbox 614 1003 651 1042; x_wconf 82' lang='lat' dir='ltr'>ex</span> <span class='ocrx_word' id='word_1_54' title='bbox 664 986 780 1060; x_wconf 84' lang='lat' dir='ltr'>agmine</span> <span class='ocrx_word' id='word_1_55' title='bbox 791 985 871 1061; x_wconf 90' lang='lat' dir='ltr'>vidit,</span> <span class='ocrx_word' id='word_1_56' title='bbox 958 1039 960 1042; x_wconf 78' lang='grc'>,</span> 
     </span>
     <span class='ocr_line' id='line_1_9' title="bbox 91 1062 1065 1140; baseline 0.002 -18"><span class='ocrx_word' id='word_1_57' title='bbox 91 1063 409 1140; x_wconf 84' lang='lat' dir='ltr'>Turbatosqueduces,</span> <span class='ocrx_word' id='word_1_58' title='bbox 422 1063 517 1122; x_wconf 79' lang='lat' dir='ltr'>subiti</span> <span class='ocrx_word' id='word_1_59' title='bbox 530 1082 580 1140; x_wconf 87' lang='lat' dir='ltr'>spe</span> <span class='ocrx_word' id='word_1_60' title='bbox 594 1062 719 1122; x_wconf 81' lang='lat' dir='ltr'>fervidus</span> <span class='ocrx_word' id='word_1_61' title='bbox 733 1065 829 1124; x_wconf 89' lang='lat' dir='ltr'>ardet:</span> <span class='ocrx_word' id='word_1_62' title='bbox 1009 1070 1065 1124; x_wconf 82' lang='lat'>325</span> 
     </span>
     <span class='ocr_line' id='line_1_10' title="bbox 91 1141 893 1221; baseline 0.002 -21"><span class='ocrx_word' id='word_1_63' title='bbox 91 1143 196 1201; x_wconf 91' lang='lat' dir='ltr'>Poscit</span> <span class='ocrx_word' id='word_1_64' title='bbox 210 1161 298 1219; x_wconf 89' lang='lat' dir='ltr'>equos</span> <span class='ocrx_word' id='word_1_65' title='bbox 312 1152 397 1220; x_wconf 88' lang='lat' dir='ltr'>atque</span> <span class='ocrx_word' id='word_1_66' title='bbox 412 1142 596 1218; x_wconf 89' lang='lat' dir='ltr'>armasimul,</span> <span class='ocrx_word' id='word_1_67' title='bbox 610 1141 740 1218; x_wconf 80' lang='lat' dir='ltr'>saltuque</span> <span class='ocrx_word' id='word_1_68' title='bbox 754 1143 893 1221; x_wconf 87' lang='lat' dir='ltr'>superbus</span> 
     </span>
     <span class='ocr_line' id='line_1_11' title="bbox 91 1219 852 1296; baseline -0.001 -16"><span class='ocrx_word' id='word_1_69' title='bbox 91 1222 213 1280; x_wconf 82' lang='lat' dir='ltr'><strong>Emicat</strong></span> <span class='ocrx_word' id='word_1_70' title='bbox 225 1222 255 1279; x_wconf 90' lang='lat' dir='ltr'>iu</span> <span class='ocrx_word' id='word_1_71' title='bbox 269 1240 392 1296; x_wconf 90' lang='lat' dir='ltr'>currum,</span> <span class='ocrx_word' id='word_1_72' title='bbox 406 1231 436 1279; x_wconf 93' lang='lat' dir='ltr'>et</span> <span class='ocrx_word' id='word_1_73' title='bbox 448 1220 579 1290; x_wconf 90' lang='lat' dir='ltr'>manibus</span> <span class='ocrx_word' id='word_1_74' title='bbox 592 1219 706 1296; x_wconf 87' lang='lat' dir='ltr'>molitur</span> <span class='ocrx_word' id='word_1_75' title='bbox 718 1221 852 1281; x_wconf 82' lang='lat' dir='ltr'><strong>habenas.</strong></span> 
     </span>
    </p>

    <p class='ocr_par' dir='ltr' id='par_1_5' title="bbox 91 1299 807 1375">
     <span class='ocr_line' id='line_1_12' title="bbox 91 1299 807 1375; baseline -0.001 -16"><span class='ocrx_word' id='word_1_76' title='bbox 91 1301 193 1360; x_wconf 89' lang='lat' dir='ltr'>Multa</span> <span class='ocrx_word' id='word_1_77' title='bbox 206 1300 299 1359; x_wconf 72' lang='lat' dir='ltr'>viram</span> <span class='ocrx_word' id='word_1_78' title='bbox 313 1301 435 1359; x_wconf 85' lang='lat' dir='ltr'>volitans</span> <span class='ocrx_word' id='word_1_79' title='bbox 449 1300 497 1357; x_wconf 90' lang='lat' dir='ltr'>dat</span> <span class='ocrx_word' id='word_1_80' title='bbox 508 1299 591 1358; x_wconf 81' lang='lat' dir='ltr'>fortia</span> <span class='ocrx_word' id='word_1_81' title='bbox 604 1318 720 1375; x_wconf 88' lang='lat' dir='ltr'>corpora</span> <span class='ocrx_word' id='word_1_82' title='bbox 732 1299 807 1374; x_wconf 86' lang='lat' dir='ltr'>leto;</span> 
     </span>
    </p>

    <p class='ocr_par' dir='ltr' id='par_1_6' title="bbox 90 1377 1065 1613">
     <span class='ocr_line' id='line_1_13' title="bbox 93 1377 930 1456; baseline -0.001 -19"><span class='ocrx_word' id='word_1_83' title='bbox 93 1380 264 1438; x_wconf 81' lang='lat' dir='ltr'>Semineces</span> <span class='ocrx_word' id='word_1_84' title='bbox 277 1379 365 1437; x_wconf 87' lang='lat' dir='ltr'>volvit</span> <span class='ocrx_word' id='word_1_85' title='bbox 378 1378 492 1453; x_wconf 92' lang='lat' dir='ltr'>multos,</span> <span class='ocrx_word' id='word_1_86' title='bbox 507 1385 556 1435; x_wconf 85' lang='lat' dir='ltr'>aut</span> <span class='ocrx_word' id='word_1_87' title='bbox 569 1377 681 1452; x_wconf 84' lang='lat' dir='ltr'>agmina</span> <span class='ocrx_word' id='word_1_88' title='bbox 694 1396 777 1436; x_wconf 92' lang='lat' dir='ltr'>curru</span> <span class='ocrx_word' id='word_1_89' title='bbox 924 1442 930 1456; x_wconf 30' lang='grc' dir='ltr'>α</span> 
     </span>
     <span class='ocr_line' id='line_1_14' title="bbox 90 1455 1065 1534; baseline 0.003 -18"><span class='ocrx_word' id='word_1_90' title='bbox 90 1457 228 1532; x_wconf 85' lang='lat' dir='ltr'>Proterit,</span> <span class='ocrx_word' id='word_1_91' title='bbox 243 1465 292 1515; x_wconf 88' lang='lat' dir='ltr'>aut</span> <span class='ocrx_word' id='word_1_92' title='bbox 306 1466 397 1534; x_wconf 90' lang='lat' dir='ltr'>raptas</span> <span class='ocrx_word' id='word_1_93' title='bbox 410 1456 583 1532; x_wconf 81' lang='lat' dir='ltr'>fugientibus</span> <span class='ocrx_word' id='word_1_94' title='bbox 596 1455 699 1532; x_wconf 82' lang='lat' dir='ltr'>ingerit</span> <span class='ocrx_word' id='word_1_95' title='bbox 711 1456 814 1515; x_wconf 90' lang='lat' dir='ltr'>hastas.</span> <span class='ocrx_word' id='word_1_96' title='bbox 877 1523 878 1528; x_wconf 9' lang='grc' dir='ltr'>η</span> <span class='ocrx_word' id='word_1_97' title='bbox 1009 1465 1065 1519; x_wconf 85' lang='grc'>330</span> 
     </span>
     <span class='ocr_line' id='line_1_15' title="bbox 93 1534 864 1613; baseline -0.001 -18"><span class='ocrx_word' id='word_1_98' title='bbox 93 1536 200 1609; x_wconf 80' lang='lat' dir='ltr'>Qualis</span> <span class='ocrx_word' id='word_1_99' title='bbox 214 1537 289 1613; x_wconf 90' lang='lat' dir='ltr'>apud</span> <span class='ocrx_word' id='word_1_100' title='bbox 303 1535 389 1612; x_wconf 84' lang='lat' dir='ltr'>gelidi</span> <span class='ocrx_word' id='word_1_101' title='bbox 403 1554 489 1612; x_wconf 91' lang='lat' dir='ltr'>quum</span> <span class='ocrx_word' id='word_1_102' title='bbox 502 1535 619 1593; x_wconf 87' lang='lat' dir='ltr'>flumina</span> <span class='ocrx_word' id='word_1_103' title='bbox 632 1535 759 1594; x_wconf 90' lang='lat' dir='ltr'>concitus</span> <span class='ocrx_word' id='word_1_104' title='bbox 772 1534 864 1594; x_wconf 88' lang='lat' dir='ltr'>Hebri</span> 
     </span>
    </p>

    <p class='ocr_par' dir='ltr' id='par_1_7' title="bbox 67 1614 908 1691">
     <span class='ocr_line' id='line_1_16' title="bbox 67 1614 908 1691; baseline -0.001 -16"><span class='ocrx_word' id='word_1_105' title='bbox 67 1628 71 1636; x_wconf 85' lang='grc'><strong><em>’</em></strong></span> <span class='ocrx_word' id='word_1_106' title='bbox 95 1615 278 1691; x_wconf 81' lang='lat' dir='ltr'>Sanguineus</span> <span class='ocrx_word' id='word_1_107' title='bbox 291 1615 409 1673; x_wconf 86' lang='lat' dir='ltr'>Mavors</span> <span class='ocrx_word' id='word_1_108' title='bbox 422 1614 523 1691; x_wconf 87' lang='lat' dir='ltr'>clypeo</span> <span class='ocrx_word' id='word_1_109' title='bbox 536 1614 672 1691; x_wconf 86' lang='lat' dir='ltr'>increpat,</span> <span class='ocrx_word' id='word_1_110' title='bbox 687 1623 770 1691; x_wconf 92' lang='lat' dir='ltr'>atque</span> <span class='ocrx_word' id='word_1_111' title='bbox 783 1615 908 1674; x_wconf 85' lang='lat' dir='ltr'>furentes</span> 
     </span>
    </p>

    <p class='ocr_par' dir='ltr' id='par_1_8' title="bbox 93 1693 872 1771">
     <span class='ocr_line' id='line_1_17' title="bbox 93 1693 872 1771; baseline 0.001 -18"><span class='ocrx_word' id='word_1_112' title='bbox 93 1695 182 1754; x_wconf 89' lang='lat' dir='ltr'>Bella</span> <span class='ocrx_word' id='word_1_113' title='bbox 194 1712 314 1752; x_wconf 86' lang='lat' dir='ltr'>movens</span> <span class='ocrx_word' id='word_1_114' title='bbox 327 1693 454 1759; x_wconf 84' lang='lat' dir='ltr'>immittit</span> <span class='ocrx_word' id='word_1_115' title='bbox 467 1712 571 1770; x_wconf 88' lang='lat' dir='ltr'>equos:</span> <span class='ocrx_word' id='word_1_116' title='bbox 592 1693 632 1751; x_wconf 92' lang='lat' dir='ltr'>illi</span> <span class='ocrx_word' id='word_1_117' title='bbox 648 1712 761 1771; x_wconf 84' lang='lat' dir='ltr'>aequore</span> <span class='ocrx_word' id='word_1_118' title='bbox 776 1703 872 1771; x_wconf 88' lang='lat' dir='ltr'>aperto</span> 
     </span>
    </p>
   </div>
   <div class='ocr_carea' id='block_1_4' title="bbox 1 1771 963 1852">
    <p class='ocr_par' dir='ltr' id='par_1_9' title="bbox 1 1771 963 1852">
     <span class='ocr_line' id='line_1_18' title="bbox 1 1771 963 1852; baseline -0.001 -20"><span class='ocrx_word' id='word_1_119' title='bbox 1 1834 3 1852; x_wconf 59' lang='lat'>,</span> <span class='ocrx_word' id='word_1_120' title='bbox 93 1777 174 1833; x_wconf 88' lang='lat' dir='ltr'>Ante</span> <span class='ocrx_word' id='word_1_121' title='bbox 188 1773 281 1832; x_wconf 92' lang='lat' dir='ltr'>Notos</span> <span class='ocrx_word' id='word_1_122' title='bbox 294 1772 520 1850; x_wconf 84' lang='lat' dir='ltr'>Zephyrumque</span> <span class='ocrx_word' id='word_1_123' title='bbox 534 1772 645 1845; x_wconf 82' lang='lat' dir='ltr'>volant3</span> <span class='ocrx_word' id='word_1_124' title='bbox 667 1772 755 1848; x_wconf 86' lang='lat' dir='ltr'>gemit</span> <span class='ocrx_word' id='word_1_125' title='bbox 767 1773 866 1832; x_wconf 85' lang='lat' dir='ltr'>ultima</span> <span class='ocrx_word' id='word_1_126' title='bbox 878 1771 963 1852; x_wconf 89' lang='lat' dir='ltr'>pulsu</span> 
     </span>
    </p>
   </div>
   <div class='ocr_carea' id='block_1_5' title="bbox 94 1848 1064 1930">
    <p class='ocr_par' dir='ltr' id='par_1_10' title="bbox 94 1848 1064 1930">
     <span class='ocr_line' id='line_1_19' title="bbox 94 1848 1064 1930; baseline 0.003 -20"><span class='ocrx_word' id='word_1_127' title='bbox 94 1853 212 1911; x_wconf 80' lang='lat' dir='ltr'>Thrace</span> <span class='ocrx_word' id='word_1_128' title='bbox 224 1853 348 1928; x_wconf 89' lang='lat' dir='ltr'>pedum;</span> <span class='ocrx_word' id='word_1_129' title='bbox 370 1848 535 1928; x_wconf 79' lang='lat' dir='ltr'>circumque</span> <span class='ocrx_word' id='word_1_130' title='bbox 550 1861 615 1910; x_wconf 84' lang='lat' dir='ltr'>atrae</span> <span class='ocrx_word' id='word_1_131' title='bbox 629 1852 801 1910; x_wconf 87' lang='lat' dir='ltr'>Formidinis</span> <span class='ocrx_word' id='word_1_132' title='bbox 815 1872 872 1930; x_wconf 84' lang='lat' dir='ltr'>ors,</span> <span class='ocrx_word' id='word_1_133' title='bbox 1008 1857 1064 1913; x_wconf 80' lang='lat'>335</span> 
     </span>
    </p>
   </div>
   <div class='ocr_carea' id='block_1_6' title="bbox 1 1930 805 2009">
    <p class='ocr_par' dir='ltr' id='par_1_11' title="bbox 1 1930 805 2009">
     <span class='ocr_line' id='line_1_20' title="bbox 1 1930 805 2009; baseline -0.002 -19"><span class='ocrx_word' id='word_1_134' title='bbox 1 1939 2 1951; x_wconf 64' lang='lat'>¹</span> <span class='ocrx_word' id='word_1_135' title='bbox 94 1933 220 2009; x_wconf 87' lang='lat' dir='ltr'>Iraeque,</span> <span class='ocrx_word' id='word_1_136' title='bbox 235 1931 418 2007; x_wconf 71' lang='lat' dir='ltr'>Insidiaeque,</span> <span class='ocrx_word' id='word_1_137' title='bbox 433 1930 481 1988; x_wconf 89' lang='lat' dir='ltr'>dei</span> <span class='ocrx_word' id='word_1_138' title='bbox 495 1931 654 2006; x_wconf 84' lang='lat' dir='ltr'>comitatus,</span> <span class='ocrx_word' id='word_1_139' title='bbox 669 1937 805 2006; x_wconf 77' lang='lat' dir='ltr'>aguntur:</span> 
     </span>
    </p>
   </div>
   <div class='ocr_carea' id='block_1_7' title="bbox 60 2008 1113 3349">
    <p class='ocr_par' dir='ltr' id='par_1_12' title="bbox 94 2008 825 2087">
     <span class='ocr_line' id='line_1_21' title="bbox 94 2008 825 2087; baseline -0.001 -18"><span class='ocrx_word' id='word_1_140' title='bbox 94 2011 181 2069; x_wconf 85' lang='lat' dir='ltr'>Talis</span> <span class='ocrx_word' id='word_1_141' title='bbox 195 2029 284 2086; x_wconf 88' lang='lat' dir='ltr'>equos</span> <span class='ocrx_word' id='word_1_142' title='bbox 292 2010 389 2068; x_wconf 90' lang='lat' dir='ltr'>alacer</span> <span class='ocrx_word' id='word_1_143' title='bbox 402 2008 498 2068; x_wconf 90' lang='lat' dir='ltr'>media</span> <span class='ocrx_word' id='word_1_144' title='bbox 510 2009 584 2067; x_wconf 91' lang='lat' dir='ltr'>iuter</span> <span class='ocrx_word' id='word_1_145' title='bbox 596 2009 696 2087; x_wconf 83' lang='lat' dir='ltr'>proelia</span> <span class='ocrx_word' id='word_1_146' title='bbox 709 2009 825 2070; x_wconf 88' lang='lat' dir='ltr'>Turnus</span> 
     </span>
    </p>

    <p class='ocr_par' dir='ltr' id='par_1_13' title="bbox 93 2085 758 2165">
     <span class='ocr_line' id='line_1_22' title="bbox 93 2085 758 2165; baseline 0 -17"><span class='ocrx_word' id='word_1_147' title='bbox 93 2089 255 2156; x_wconf 72' lang='lat' dir='ltr'>Fumantes</span> <span class='ocrx_word' id='word_1_148' title='bbox 270 2089 373 2147; x_wconf 92' lang='lat' dir='ltr'>sudore</span> <span class='ocrx_word' id='word_1_149' title='bbox 387 2089 487 2165; x_wconf 84' lang='lat' dir='ltr'>quatit,</span> <span class='ocrx_word' id='word_1_150' title='bbox 502 2085 661 2146; x_wconf 75' lang='lat' dir='ltr'>miserabile</span> <span class='ocrx_word' id='word_1_151' title='bbox 676 2088 758 2148; x_wconf 83' lang='lat' dir='ltr'>caesis</span> 
     </span>
    </p>

    <p class='ocr_par' dir='ltr' id='par_1_14' title="bbox 93 2167 1038 2245">
     <span class='ocr_line' id='line_1_23' title="bbox 93 2167 1038 2245; baseline 0.001 -20"><span class='ocrx_word' id='word_1_152' title='bbox 93 2168 238 2227; x_wconf 79' lang='lat' dir='ltr'>Hostibus</span> <span class='ocrx_word' id='word_1_153' title='bbox 252 2168 409 2241; x_wconf 85' lang='lat' dir='ltr'>insultsns;</span> <span class='ocrx_word' id='word_1_154' title='bbox 431 2167 645 2245; x_wconf 81' lang='lat' dir='ltr'>spargitrapida</span> <span class='ocrx_word' id='word_1_155' title='bbox 657 2168 765 2245; x_wconf 88' lang='lat' dir='ltr'>ungula</span> <span class='ocrx_word' id='word_1_156' title='bbox 778 2187 853 2227; x_wconf 90' lang='lat' dir='ltr'>rores</span> <span class='ocrx_word' id='word_1_157' title='bbox 1035 2237 1038 2242; x_wconf 32' lang='grc'><em>,</em></span> 
     </span>
    </p>

    <p class='ocr_par' dir='ltr' id='par_1_15' title="bbox 96 2246 1063 2324">
     <span class='ocr_line' id='line_1_24' title="bbox 96 2246 1063 2324; baseline 0.003 -18"><span class='ocrx_word' id='word_1_158' title='bbox 96 2247 286 2324; x_wconf 86' lang='lat' dir='ltr'>Sanguineos,</span> <span class='ocrx_word' id='word_1_159' title='bbox 301 2248 447 2324; x_wconf 73' lang='lat' dir='ltr'>mixtique</span> <span class='ocrx_word' id='word_1_160' title='bbox 460 2265 543 2305; x_wconf 85' lang='lat' dir='ltr'>cruor</span> <span class='ocrx_word' id='word_1_161' title='bbox 556 2246 678 2306; x_wconf 87' lang='lat' dir='ltr'>calcatur</span> <span class='ocrx_word' id='word_1_162' title='bbox 691 2246 785 2305; x_wconf 78' lang='lat' dir='ltr'>areni.</span> <span class='ocrx_word' id='word_1_163' title='bbox 1007 2255 1063 2309; x_wconf 82' lang='lat'>340</span> 
     </span>
    </p>

    <p class='ocr_par' dir='ltr' id='par_1_16' title="bbox 94 2325 1045 2464">
     <span class='ocr_line' id='line_1_25' title="bbox 94 2325 1045 2408; baseline 0.005 -24"><span class='ocrx_word' id='word_1_164' title='bbox 94 2326 217 2403; x_wconf 93' lang='lat' dir='ltr'>Jamque</span> <span class='ocrx_word' id='word_1_165' title='bbox 231 2326 299 2408; x_wconf 69' lang='lat' dir='ltr'>⁴neci</span> <span class='ocrx_word' id='word_1_166' title='bbox 315 2326 546 2403; x_wconf 83' lang='lat' dir='ltr'>Sthenelumque</span> <span class='ocrx_word' id='word_1_167' title='bbox 560 2326 646 2402; x_wconf 82' lang='lat' dir='ltr'>dedit,</span> <span class='ocrx_word' id='word_1_168' title='bbox 661 2325 894 2404; x_wconf 88' lang='lat' dir='ltr'>Thamyrimque,</span> <span class='ocrx_word' id='word_1_169' title='bbox 908 2326 1045 2389; x_wconf 90' lang='lat' dir='ltr'>Pholum·</span> 
     </span>
     <span class='ocr_line' id='line_1_26' title="bbox 156 2424 216 2464; baseline 0.017 -1"><span class='ocrx_word' id='word_1_170' title='bbox 156 2424 216 2464; x_wconf 64' lang='lat' dir='ltr'>ue‘</span> 
     </span>
    </p>

    <p class='ocr_par' dir='ltr' id='par_1_17' title="bbox 97 2425 1069 2561">
     <span class='ocr_line' id='line_1_27' title="bbox 97 2425 1069 2561; baseline 0.003 -19"><span class='ocrx_word' id='word_1_171' title='bbox 97 2425 188 2542; x_wconf 64' lang='lat' dir='ltr'>Hlluc</span> <span class='ocrx_word' id='word_1_172' title='bbox 201 2449 369 2560; x_wconf 62' lang='lat' dir='ltr'>’congressus</span> <span class='ocrx_word' id='word_1_173' title='bbox 382 2493 412 2543; x_wconf 93' lang='lat' dir='ltr'>et</span> <span class='ocrx_word' id='word_1_174' title='bbox 424 2484 512 2560; x_wconf 90' lang='lat' dir='ltr'>huuc,</span> <span class='ocrx_word' id='word_1_175' title='bbox 526 2483 608 2543; x_wconf 93' lang='lat' dir='ltr'>illum</span> <span class='ocrx_word' id='word_1_176' title='bbox 621 2484 741 2561; x_wconf 86' lang='lat' dir='ltr'>eminus,</span> <span class='ocrx_word' id='word_1_177' title='bbox 755 2483 866 2543; x_wconf 93' lang='lat' dir='ltr'>eminus</span> <span class='ocrx_word' id='word_1_178' title='bbox 880 2485 962 2544; x_wconf 92' lang='lat' dir='ltr'>ambo</span> <span class='ocrx_word' id='word_1_179' title='bbox 1067 2525 1069 2530; x_wconf 68' lang='lat'>,</span> 
     </span>
    </p>

    <p class='ocr_par' dir='ltr' id='par_1_18' title="bbox 85 2562 968 2641">
     <span class='ocr_line' id='line_1_28' title="bbox 85 2562 968 2641; baseline 0.003 -21"><span class='ocrx_word' id='word_1_180' title='bbox 85 2563 279 2637; x_wconf 89' lang='lat' dir='ltr'>-lmbrasidas,</span> <span class='ocrx_word' id='word_1_181' title='bbox 294 2562 434 2621; x_wconf 86' lang='lat' dir='ltr'>Glaucum</span> <span class='ocrx_word' id='word_1_182' title='bbox 448 2571 531 2638; x_wconf 91' lang='lat' dir='ltr'>atque</span> <span class='ocrx_word' id='word_1_183' title='bbox 545 2563 653 2638; x_wconf 80' lang='lat' dir='ltr'>Laden,</span> <span class='ocrx_word' id='word_1_184' title='bbox 668 2582 738 2639; x_wconf 93' lang='lat' dir='ltr'>quos</span> <span class='ocrx_word' id='word_1_185' title='bbox 753 2562 894 2623; x_wconf 84' lang='lat' dir='ltr'>Imbrasus</span> <span class='ocrx_word' id='word_1_186' title='bbox 907 2565 968 2641; x_wconf 89' lang='lat' dir='ltr'>ipse</span> 
     </span>
    </p>

    <p class='ocr_par' dir='ltr' id='par_1_19' title="bbox 98 2641 809 2718">
     <span class='ocr_line' id='line_1_29' title="bbox 98 2641 809 2718; baseline -0.004 -17"><span class='ocrx_word' id='word_1_187' title='bbox 98 2643 130 2702; x_wconf 94' lang='lat' dir='ltr'>N</span> <span class='ocrx_word' id='word_1_188' title='bbox 131 2641 246 2700; x_wconf 90' lang='lat' dir='ltr'>utrierat</span> <span class='ocrx_word' id='word_1_189' title='bbox 259 2641 358 2716; x_wconf 78' lang='lat' dir='ltr'>Lycii,</span> <span class='ocrx_word' id='word_1_190' title='bbox 371 2641 543 2718; x_wconf 88' lang='lat' dir='ltr'>paribusque</span> <span class='ocrx_word' id='word_1_191' title='bbox 557 2650 704 2699; x_wconf 88' lang='lat' dir='ltr'>ornaverat</span> <span class='ocrx_word' id='word_1_192' title='bbox 716 2642 809 2716; x_wconf 91' lang='lat' dir='ltr'>armis,</span> 
     </span>
    </p>

    <p class='ocr_par' dir='ltr' id='par_1_20' title="bbox 99 2719 1064 2795">
     <span class='ocr_line' id='line_1_30' title="bbox 99 2719 1064 2795; baseline 0.002 -17"><span class='ocrx_word' id='word_1_193' title='bbox 99 2721 158 2779; x_wconf 85' lang='lat' dir='ltr'>Vel</span> <span class='ocrx_word' id='word_1_194' title='bbox 172 2719 299 2778; x_wconf 88' lang='lat' dir='ltr'>conferre</span> <span class='ocrx_word' id='word_1_195' title='bbox 312 2738 437 2792; x_wconf 91' lang='lat' dir='ltr'>manum,</span> <span class='ocrx_word' id='word_1_196' title='bbox 451 2719 498 2776; x_wconf 88' lang='lat' dir='ltr'>vel</span> <span class='ocrx_word' id='word_1_197' title='bbox 512 2737 586 2795; x_wconf 90' lang='lat' dir='ltr'>equo</span> <span class='ocrx_word' id='word_1_198' title='bbox 599 2727 767 2795; x_wconf 77' lang='lat' dir='ltr'>prevertere</span> <span class='ocrx_word' id='word_1_199' title='bbox 780 2726 890 2777; x_wconf 87' lang='lat' dir='ltr'>ventos.</span> <span class='ocrx_word' id='word_1_200' title='bbox 1008 2727 1064 2782; x_wconf 80' lang='lat'>345</span> 
     </span>
    </p>

    <p class='ocr_par' dir='ltr' id='par_1_21' title="bbox 60 2788 834 2873">
     <span class='ocr_line' id='line_1_31' title="bbox 60 2788 834 2873; baseline -0.005 -15"><span class='ocrx_word' id='word_1_201' title='bbox 60 2821 61 2825; x_wconf 46' lang='lat'>¹</span> <span class='ocrx_word' id='word_1_202' title='bbox 139 2799 224 2858; x_wconf 87' lang='lat' dir='ltr'>Parte</span> <span class='ocrx_word' id='word_1_203' title='bbox 238 2797 302 2873; x_wconf 80' lang='lat' dir='ltr'>alii,</span> <span class='ocrx_word' id='word_1_204' title='bbox 316 2797 411 2854; x_wconf 88' lang='lat' dir='ltr'>media</span> <span class='ocrx_word' id='word_1_205' title='bbox 423 2788 569 2854; x_wconf 82' lang='lat' dir='ltr'>Eumedes</span> <span class='ocrx_word' id='word_1_206' title='bbox 583 2797 612 2854; x_wconf 91' lang='lat' dir='ltr'>in</span> <span class='ocrx_word' id='word_1_207' title='bbox 626 2795 727 2872; x_wconf 74' lang='lat' dir='ltr'>proel&#39;ra</span> <span class='ocrx_word' id='word_1_208' title='bbox 738 2795 834 2872; x_wconf 81' lang='lat' dir='ltr'>fertur,</span> 
     </span>
    </p>

    <p class='ocr_par' dir='ltr' id='par_1_22' title="bbox 99 2874 711 2955">
     <span class='ocr_line' id='line_1_32' title="bbox 99 2874 711 2955; baseline -0.008 -18"><span class='ocrx_word' id='word_1_209' title='bbox 99 2877 219 2955; x_wconf 90' lang='lat' dir='ltr'>Antiqui</span> <span class='ocrx_word' id='word_1_210' title='bbox 232 2876 327 2954; x_wconf 89' lang='lat' dir='ltr'>proles</span> <span class='ocrx_word' id='word_1_211' title='bbox 339 2875 415 2934; x_wconf 93' lang='lat' dir='ltr'>bello</span> <span class='ocrx_word' id='word_1_212' title='bbox 427 2875 563 2951; x_wconf 85' lang='lat' dir='ltr'>praeclara</span> <span class='ocrx_word' id='word_1_213' title='bbox 572 2874 711 2947; x_wconf 88' lang='lat' dir='ltr'>Dolonis;</span> 
     </span>
    </p>

    <p class='ocr_par' dir='ltr' id='par_1_23' title="bbox 101 2952 1113 3032">
     <span class='ocr_line' id='line_1_33' title="bbox 101 2952 1113 3032; baseline -0.005 -15"><span class='ocrx_word' id='word_1_214' title='bbox 101 2958 228 3018; x_wconf 90' lang='lat' dir='ltr'>Nomine</span> <span class='ocrx_word' id='word_1_215' title='bbox 242 2968 326 3014; x_wconf 78' lang='lat' dir='ltr'>arum</span> <span class='ocrx_word' id='word_1_216' title='bbox 340 2953 473 3028; x_wconf 84' lang='lat' dir='ltr'>reserens,</span> <span class='ocrx_word' id='word_1_217' title='bbox 485 2953 579 3011; x_wconf 90' lang='lat' dir='ltr'>auimo</span> <span class='ocrx_word' id='word_1_218' title='bbox 593 2952 780 3028; x_wconf 86' lang='lat' dir='ltr'>manibusque</span> <span class='ocrx_word' id='word_1_219' title='bbox 792 2963 947 3031; x_wconf 88' lang='lat' dir='ltr'>parentem,</span> <span class='ocrx_word' id='word_1_220' title='bbox 1003 2952 1006 2957; x_wconf 49' lang='lat'><strong>⁴</strong></span> <span class='ocrx_word' id='word_1_221' title='bbox 1110 3025 1113 3032; x_wconf 86' lang='lat'>.</span> 
     </span>
    </p>

    <p class='ocr_par' dir='ltr' id='par_1_24' title="bbox 103 3029 908 3113">
     <span class='ocr_line' id='line_1_34' title="bbox 103 3029 908 3113; baseline -0.006 -18"><span class='ocrx_word' id='word_1_222' title='bbox 103 3035 162 3108; x_wconf 79' lang='lat' dir='ltr'>Qui</span> <span class='ocrx_word' id='word_1_223' title='bbox 175 3035 329 3113; x_wconf 85' lang='lat' dir='ltr'>quondam,</span> <span class='ocrx_word' id='word_1_224' title='bbox 343 3041 433 3090; x_wconf 86' lang='lat' dir='ltr'>castra</span> <span class='ocrx_word' id='word_1_225' title='bbox 445 3029 624 3090; x_wconf 80' lang='lat' dir='ltr'>utDauairm</span> <span class='ocrx_word' id='word_1_226' title='bbox 637 3031 797 3109; x_wconf 87' lang='lat' dir='ltr'>speculator</span> <span class='ocrx_word' id='word_1_227' title='bbox 811 3031 908 3109; x_wconf 84' lang='lat' dir='ltr'>adiret,</span> 
     </span>
    </p>

    <p class='ocr_par' dir='ltr' id='par_1_25' title="bbox 101 3110 1064 3189">
     <span class='ocr_line' id='line_1_35' title="bbox 101 3110 1064 3189; baseline -0.01 -15"><span class='ocrx_word' id='word_1_228' title='bbox 101 3119 199 3174; x_wconf 89' lang='lat' dir='ltr'>Ausus</span> <span class='ocrx_word' id='word_1_229' title='bbox 211 3113 320 3179; x_wconf 79' lang='lat' dir='ltr'>Pelidae</span> <span class='ocrx_word' id='word_1_230' title='bbox 333 3111 455 3189; x_wconf 89' lang='lat' dir='ltr'>pretium</span> <span class='ocrx_word' id='word_1_231' title='bbox 469 3110 523 3168; x_wconf 91' lang='lat' dir='ltr'>sibi</span> <span class='ocrx_word' id='word_1_232' title='bbox 535 3129 652 3188; x_wconf 88' lang='lat' dir='ltr'>poscere</span> <span class='ocrx_word' id='word_1_233' title='bbox 666 3129 781 3169; x_wconf 88' lang='lat' dir='ltr'>currus:</span> <span class='ocrx_word' id='word_1_234' title='bbox 932 3163 934 3166; x_wconf 87' lang='grc'><strong>,</strong></span> <span class='ocrx_word' id='word_1_235' title='bbox 1007 3118 1064 3172; x_wconf 84' lang='grc'>350</span> 
     </span>
    </p>

    <p class='ocr_par' dir='ltr' id='par_1_26' title="bbox 103 3188 668 3270">
     <span class='ocr_line' id='line_1_36' title="bbox 103 3188 668 3270; baseline -0.011 -16"><span class='ocrx_word' id='word_1_236' title='bbox 103 3195 190 3254; x_wconf 91' lang='lat' dir='ltr'>Illum</span> <span class='ocrx_word' id='word_1_237' title='bbox 204 3192 332 3270; x_wconf 86' lang='lat' dir='ltr'>Tydides</span> <span class='ocrx_word' id='word_1_238' title='bbox 345 3190 400 3249; x_wconf 86' lang='lat' dir='ltr'>alio</span> <span class='ocrx_word' id='word_1_239' title='bbox 413 3209 464 3268; x_wconf 92' lang='lat' dir='ltr'>pro</span> <span class='ocrx_word' id='word_1_240' title='bbox 477 3188 579 3248; x_wconf 87' lang='lat' dir='ltr'>talibus</span> <span class='ocrx_word' id='word_1_241' title='bbox 593 3189 668 3248; x_wconf 88' lang='lat' dir='ltr'>ausis</span> 
     </span>
    </p>

    <p class='ocr_par' dir='ltr' id='par_1_27' title="bbox 103 3267 779 3349">
     <span class='ocr_line' id='line_1_37' title="bbox 103 3267 779 3349; baseline -0.009 -18"><span class='ocrx_word' id='word_1_242' title='bbox 103 3272 209 3331; x_wconf 87' lang='lat' dir='ltr'>Affecit</span> <span class='ocrx_word' id='word_1_243' title='bbox 221 3272 331 3349; x_wconf 90' lang='lat' dir='ltr'>pretio;</span> <span class='ocrx_word' id='word_1_244' title='bbox 352 3288 407 3329; x_wconf 89' lang='lat' dir='ltr'>uec</span> <span class='ocrx_word' id='word_1_245' title='bbox 420 3268 500 3346; x_wconf 90' lang='lat' dir='ltr'>equis</span> <span class='ocrx_word' id='word_1_246' title='bbox 514 3267 636 3345; x_wconf 86' lang='lat' dir='ltr'>adspirat</span> <span class='ocrx_word' id='word_1_247' title='bbox 647 3267 779 3327; x_wconf 80' lang='lat' dir='ltr'>Achillis.</span> 
     </span>
    </p>
   </div>
   <div class='ocr_carea' id='block_1_8' title="bbox 1 3345 871 3427">
    <p class='ocr_par' dir='ltr' id='par_1_28' title="bbox 1 3345 871 3427">
     <span class='ocr_line' id='line_1_38' title="bbox 1 3345 871 3427; baseline -0.005 -16"><span class='ocrx_word' id='word_1_248' title='bbox 1 3402 2 3411; x_wconf 70' lang='grc'>,</span> <span class='ocrx_word' id='word_1_249' title='bbox 104 3351 192 3409; x_wconf 89' lang='lat' dir='ltr'>Hunc</span> <span class='ocrx_word' id='word_1_250' title='bbox 206 3350 304 3427; x_wconf 92' lang='lat' dir='ltr'>procul</span> <span class='ocrx_word' id='word_1_251' title='bbox 317 3355 349 3406; x_wconf 92' lang='lat' dir='ltr'>ut</span> <span class='ocrx_word' id='word_1_252' title='bbox 361 3366 461 3425; x_wconf 88' lang='lat' dir='ltr'>campo</span> <span class='ocrx_word' id='word_1_253' title='bbox 476 3347 590 3405; x_wconf 90' lang='lat' dir='ltr'>Turnus</span> <span class='ocrx_word' id='word_1_254' title='bbox 603 3345 751 3424; x_wconf 89' lang='lat' dir='ltr'>prospexit</span> <span class='ocrx_word' id='word_1_255' title='bbox 764 3355 871 3425; x_wconf 89' lang='lat' dir='ltr'>aperto,</span> 
     </span>
    </p>
   </div>
   <div class='ocr_carea' id='block_1_9' title="bbox 75 3425 1064 4036">
    <p class='ocr_par' dir='ltr' id='par_1_29' title="bbox 75 3425 1064 4036">
     <span class='ocr_line' id='line_1_39' title="bbox 75 3425 783 3507; baseline -0.01 -19"><span class='ocrx_word' id='word_1_256' title='bbox 75 3495 77 3507; x_wconf 42' lang='lat'>,</span> <span class='ocrx_word' id='word_1_257' title='bbox 105 3426 181 3488; x_wconf 75' lang='lat' dir='ltr'>Ante</span> <span class='ocrx_word' id='word_1_258' title='bbox 195 3428 252 3486; x_wconf 86' lang='lat' dir='ltr'>levi</span> <span class='ocrx_word' id='word_1_259' title='bbox 261 3427 356 3505; x_wconf 87' lang='lat' dir='ltr'>jaculo</span> <span class='ocrx_word' id='word_1_260' title='bbox 370 3427 486 3502; x_wconf 89' lang='lat' dir='ltr'>longum</span> <span class='ocrx_word' id='word_1_261' title='bbox 498 3444 550 3503; x_wconf 84' lang='lat' dir='ltr'>per</span> <span class='ocrx_word' id='word_1_262' title='bbox 562 3425 646 3483; x_wconf 89' lang='lat' dir='ltr'>inane</span> <span class='ocrx_word' id='word_1_263' title='bbox 659 3431 783 3501; x_wconf 81' lang='lat' dir='ltr'>secutus,</span> 
     </span>
     <span class='ocr_line' id='line_1_40' title="bbox 77 3503 1064 3582; baseline -0.003 -17"><span class='ocrx_word' id='word_1_264' title='bbox 77 3509 79 3520; x_wconf 74' lang='grc'>”</span> <span class='ocrx_word' id='word_1_265' title='bbox 106 3508 185 3567; x_wconf 92' lang='lat' dir='ltr'>Sistit</span> <span class='ocrx_word' id='word_1_266' title='bbox 197 3524 285 3582; x_wconf 90' lang='lat' dir='ltr'>equos</span> <span class='ocrx_word' id='word_1_267' title='bbox 297 3505 419 3582; x_wconf 87' lang='lat' dir='ltr'>bijuges,</span> <span class='ocrx_word' id='word_1_268' title='bbox 432 3513 461 3562; x_wconf 91' lang='lat' dir='ltr'>et</span> <span class='ocrx_word' id='word_1_269' title='bbox 474 3522 556 3563; x_wconf 91' lang='lat' dir='ltr'>curru</span> <span class='ocrx_word' id='word_1_270' title='bbox 570 3503 672 3579; x_wconf 83' lang='lat' dir='ltr'>desilit,</span> <span class='ocrx_word' id='word_1_271' title='bbox 687 3513 771 3581; x_wconf 91' lang='lat' dir='ltr'>atque</span> <span class='ocrx_word' id='word_1_272' title='bbox 1008 3509 1064 3574; x_wconf 75' lang='lat'>355</span> 
     </span>
     <span class='ocr_line' id='line_1_41' title="bbox 106 3581 818 3660; baseline -0.006 -16"><span class='ocrx_word' id='word_1_273' title='bbox 106 3583 272 3646; x_wconf 88' lang='lat' dir='ltr'>Semianimi</span> <span class='ocrx_word' id='word_1_274' title='bbox 284 3583 419 3660; x_wconf 88' lang='lat' dir='ltr'>lapsoque</span> <span class='ocrx_word' id='word_1_275' title='bbox 433 3581 604 3660; x_wconf 90' lang='lat' dir='ltr'>supervenit,</span> <span class='ocrx_word' id='word_1_276' title='bbox 617 3590 646 3640; x_wconf 89' lang='lat' dir='ltr'>et</span> <span class='ocrx_word' id='word_1_277' title='bbox 658 3583 732 3659; x_wconf 90' lang='lat' dir='ltr'>pede</span> <span class='ocrx_word' id='word_1_278' title='bbox 745 3581 818 3640; x_wconf 90' lang='lat' dir='ltr'>collo</span> 
     </span>
     <span class='ocr_line' id='line_1_42' title="bbox 106 3661 837 3743; baseline -0.007 -19"><span class='ocrx_word' id='word_1_279' title='bbox 106 3665 256 3743; x_wconf 86' lang='lat' dir='ltr'>Impresso,</span> <span class='ocrx_word' id='word_1_280' title='bbox 270 3661 377 3719; x_wconf 76' lang='lat' dir='ltr'>dextre</span> <span class='ocrx_word' id='word_1_281' title='bbox 391 3679 555 3720; x_wconf 90' lang='lat' dir='ltr'>mucronem</span> <span class='ocrx_word' id='word_1_282' title='bbox 568 3668 726 3736; x_wconf 87' lang='lat' dir='ltr'>extorquet,</span> <span class='ocrx_word' id='word_1_283' title='bbox 735 3669 769 3726; x_wconf 90' lang='lat' dir='ltr'>et</span> <span class='ocrx_word' id='word_1_284' title='bbox 781 3661 837 3719; x_wconf 90' lang='lat' dir='ltr'>alto</span> 
     </span>
     <span class='ocr_line' id='line_1_43' title="bbox 104 3737 894 3820; baseline -0.01 -15"><span class='ocrx_word' id='word_1_285' title='bbox 104 3741 274 3820; x_wconf 84' lang='lat' dir='ltr'>Fulgentem</span> <span class='ocrx_word' id='word_1_286' title='bbox 287 3739 370 3814; x_wconf 88' lang='lat' dir='ltr'>tingit</span> <span class='ocrx_word' id='word_1_287' title='bbox 378 3739 488 3820; x_wconf 91' lang='lat' dir='ltr'>jugulo,</span> <span class='ocrx_word' id='word_1_288' title='bbox 503 3747 586 3813; x_wconf 87' lang='lat' dir='ltr'>atque</span> <span class='ocrx_word' id='word_1_289' title='bbox 598 3737 661 3796; x_wconf 81' lang='lat' dir='ltr'>hsec</span> <span class='ocrx_word' id='word_1_290' title='bbox 674 3739 790 3816; x_wconf 89' lang='lat' dir='ltr'>insuper</span> <span class='ocrx_word' id='word_1_291' title='bbox 800 3738 894 3797; x_wconf 84' lang='lat' dir='ltr'>addit:</span> 
     </span>
     <span class='ocr_line' id='line_1_44' title="bbox 105 3812 770 3899; baseline -0.011 -17"><span class='ocrx_word' id='word_1_292' title='bbox 105 3823 163 3899; x_wconf 89' lang='lat' dir='ltr'>En,</span> <span class='ocrx_word' id='word_1_293' title='bbox 178 3839 267 3898; x_wconf 88' lang='lat' dir='ltr'>agros,</span> <span class='ocrx_word' id='word_1_294' title='bbox 279 3826 308 3877; x_wconf 83' lang='lat' dir='ltr'>&#39;et</span> <span class='ocrx_word' id='word_1_295' title='bbox 321 3837 404 3895; x_wconf 86' lang='lat' dir='ltr'>quam</span> <span class='ocrx_word' id='word_1_296' title='bbox 416 3815 503 3891; x_wconf 92' lang='lat' dir='ltr'>bello,</span> <span class='ocrx_word' id='word_1_297' title='bbox 515 3817 649 3894; x_wconf 81' lang='lat' dir='ltr'>Trojano,</span> <span class='ocrx_word' id='word_1_298' title='bbox 663 3812 770 3894; x_wconf 86' lang='lat' dir='ltr'>petisti,</span> 
     </span>
     <span class='ocr_line' id='line_1_45' title="bbox 106 3895 1064 3980; baseline -0.005 -20"><span class='ocrx_word' id='word_1_299' title='bbox 106 3900 274 3980; x_wconf 88' lang='lat' dir='ltr'>Hesperiam</span> <span class='ocrx_word' id='word_1_300' title='bbox 288 3897 388 3956; x_wconf 88' lang='lat' dir='ltr'>metire</span> <span class='ocrx_word' id='word_1_301' title='bbox 397 3898 514 3976; x_wconf 89' lang='lat' dir='ltr'>jacens:</span> <span class='ocrx_word' id='word_1_302' title='bbox 535 3895 598 3953; x_wconf 84' lang='lat' dir='ltr'>haec</span> <span class='ocrx_word' id='word_1_303' title='bbox 611 3896 736 3972; x_wconf 74' lang='lat' dir='ltr'>praemia,</span> <span class='ocrx_word' id='word_1_304' title='bbox 747 3895 795 3974; x_wconf 92' lang='lat' dir='ltr'>qui</span> <span class='ocrx_word' id='word_1_305' title='bbox 808 3913 854 3954; x_wconf 92' lang='lat' dir='ltr'>me</span> <span class='ocrx_word' id='word_1_306' title='bbox 956 3903 958 3910; x_wconf 66' lang='lat'>‘</span> <span class='ocrx_word' id='word_1_307' title='bbox 1008 3900 1064 3955; x_wconf 81' lang='lat'>360</span> 
     </span>
     <span class='ocr_line' id='line_1_46' title="bbox 259 3977 737 4036; baseline -0.006 0"><span class='ocrx_word' id='word_1_308' title='bbox 259 3982 296 4036; x_wconf 84' lang='lat'>25</span> <span class='ocrx_word' id='word_1_309' title='bbox 310 3977 326 4010; x_wconf 68' lang='lat'>⁴⁸</span> <span class='ocrx_word' id='word_1_310' title='bbox 735 3995 737 3999; x_wconf 83' lang='grc'><strong>’</strong></span> 
     </span>
    </p>
   </div>
   <div class='ocr_carea' id='block_1_10' title="bbox 0 0 1278 4320">
    <p class='ocr_par' dir='ltr' id='par_1_30' title="bbox 0 0 1278 4320">
     <span class='ocr_line' id='line_1_47' title="bbox 0 0 1278 4320; baseline 0 0"><span class='ocrx_word' id='word_1_311' title='bbox 0 0 1278 4320; x_wconf 95' lang='lat' dir='ltr'> </span> 
     </span>
    </p>
   </div>
  </div>
 </body>
</html>
