2712 4488
201 502 254 558 Μ
362 565 367 595 .·
606 501 784 560 musmo!

204 653 320 728 Longus
335 651 363 710 in
378 670 519 728 occasum,
533 653 605 712 lines
619 670 807 730 supernoque
821 651 958 714 Sicanos:

202 732 331 789 Aurunci
343 731 501 808 Rutulique
514 739 622 807 serunt,
634 740 663 790 et
675 749 790 790 vomere
803 731 887 790 duros

203 809 350 876 Exercent
362 809 458 884 colles,
473 819 558 887 atque
571 811 673 868 horum
686 809 839 887 asperrima
851 819 979 888 parcunt.

203 887 277 946 Haec
291 888 382 947 omnis
395 890 482 964 regin,
497 897 531 946 et
538 887 609 946 celsi
621 888 704 967 plaga
713 889 802 1026 pinea
815 889 930 964 montis,

204 966 296 1026 Cedat
309 967 442 1026 amicitie
456 967 631 1026 Teucrorum
643 985 651 1039 ;
672 973 702 1026 ct
725 967 936 1044 acerbeque

203 1044 340 1106 Dicamus
354 1045 442 1122 leges,
456 1045 604 1121 sociosque
617 1045 647 1104 in
660 1063 749 1120 regna
761 1064 914 1105 vocemus:

204 1123 370 1199 Considunt,
385 1124 408 1181 si
422 1131 515 1182 tantus
529 1142 615 1198 amor,
630 1130 659 1182 et
671 1123 777 1182 moeuia
789 1125 921 1184 condant.

204 1201 254 1260 Sin
269 1202 338 1260 alios
351 1203 422 1260 fines
436 1201 577 1278 aliamque
590 1220 737 1280 capessere
750 1209 865 1278 gentem
923 1221 926 1226 ·

203 1279 257 1338 Est
271 1281 391 1354 animus,
403 1277 579 1356 poscuntque
593 1281 654 1340 solo
666 1280 806 1339 decedere
820 1289 934 1355 uostr03

202 1358 254 1416 Bis
268 1359 355 1416 denas
370 1358 441 1418 ltalo
455 1367 584 1418 texamus
597 1358 695 1417 robore
709 1377 806 1434 naves,

204 1437 261 1495 Seu
274 1437 370 1514 plures
384 1437 527 1514 complere
540 1437 654 1496 valent:
672 1439 750 1516 jacet
762 1437 855 1496 omnis
869 1439 903 1496 ad
917 1439 1022 1499 undem

203 1514 357 1589 Materies;
379 1515 433 1594 ipsi
446 1535 651 1591 numerumque
664 1517 838 1593 modumque
852 1517 954 1576 carinis

202 1593 391 1671 Pracipiant3
413 1614 465 1652 nos
479 1614 543 1670 era,
559 1613 670 1670 manus,
684 1595 795 1656 navalia
808 1596 918 1654 demus.

203 1672 353 1749 Preterea,
368 1675 415 1751 qui
429 1674 504 1732 dicta
516 1674 608 1732 lerant
619 1681 649 1732 et
660 1673 767 1733 loedera
779 1675 901 1750 firment,

204 1751 326 1810 Centum
341 1762 462 1810 oratores
475 1752 567 1828 prima
581 1752 617 1810 de
630 1759 715 1828 gente
728 1752 845 1812 Latinos

205 1830 250 1887 Ire
263 1831 365 1907 placet,
379 1831 514 1908 pacisque
526 1835 614 1888 mauu
626 1831 802 1907 praetendere
815 1849 925 1904 ramos;

203 1909 328 1967 Munera
340 1917 482 1987 portantes
496 1908 611 1985 aurique
625 1908 773 1986 eborisque
787 1909 901 1986 talenta,

203 1987 244 2046 Et
256 1987 354 2046 sellam
368 1987 448 2064 regui
460 1987 642 2066 trabeamque
655 1987 778 2064 insignia
789 1989 888 2048 nostri.
975 2031 978 2036 -

203 2067 351 2126 Consulite
365 2067 394 2125 iu
408 2067 543 2141 medium,
557 2075 586 2127 et
598 2067 682 2126 rebus
696 2067 850 2126 succurrite
863 2067 953 2126 sessis.

242 2146 318 2203 Turn
332 2146 460 2204 Drances
473 2145 550 2206 idem
563 2145 701 2220 infensus,
715 2165 799 2224 quem
814 2145 902 2223 gloria
915 2146 1006 2206 Turni
1112 2224 1114 2230 Α

100 2225 106 2237 ’
203 2223 327 2300 Obliqula
341 2224 448 2283 iuridici
461 2224 638 2302 stimulisque
653 2225 775 2302 agitabat
787 2225 897 2300 amaris,

201 2303 310 2378 Largus
325 2322 419 2380 opum,
434 2310 463 2362 et
475 2302 572 2379 linguei
586 2304 694 2378 melior,
709 2304 759 2362 sed
772 2304 874 2379 frigida
885 2303 961 2362 bello
1032 2313 1045 2338 0

205 2380 339 2457 Dextera,
353 2380 478 2440 consiliis
491 2381 604 2439 habitus
618 2401 674 2442 non
688 2382 776 2441 sutilis
790 2391 896 2457 auctor,

205 2459 350 2518 Seditioue
363 2467 464 2535 potens
475 2479 483 2532 3
505 2477 594 2534 genus
607 2460 676 2519 huic
689 2469 815 2532 materna
829 2458 981 2537 superbum
1010 2481 1014 2490 ·

203 2537 345 2597 Nobilitas
358 2537 451 2613 dabat,
464 2536 603 2596 incertum
617 2540 652 2597 de
665 2547 744 2616 patre
756 2538 903 2612 serebaut;

205 2617 300 2693 Surgit
312 2627 342 2688 ,ct
355 2617 400 2675 his
413 2623 510 2675 onerat
523 2616 614 2692 dictis,
629 2625 713 2694 atque
727 2627 840 2693 aggerat
853 2618 926 2677 iras:

242 2697 317 2755 Rem
331 2696 402 2756 nulli
416 2693 573 2771 obscuram,
587 2704 689 2756 nostru
703 2716 756 2756 nec
770 2697 848 2755 vocis
862 2705 1003 2774 egentem,

204 2776 346 2853 Consulis,
361 2798 377 2836 o
390 2775 465 2834 boue
479 2795 545 2834 rex:
568 2777 663 2836 cuncti
677 2795 708 2835 se
721 2776 794 2834 scire
807 2775 930 2836 fatentur
1203 2811 1208 2822 ·

205 2856 284 2927 Quid
297 2857 409 2916 fortuna
421 2856 491 2916 leret
504 2855 619 2932 populi;
641 2856 691 2914 sed
705 2857 800 2917 dicere
814 2833 974 2914 mussanti·
992 2906 1013 2921 „.
1110 2858 1168 2912 345

206 2937 263 2994 Det
275 2936 433 2995 libertatem
446 2935 532 3010 sandi,
546 2934 685 3014 flatusque
698 2936 831 3009 remittat,
848 2937 861 2958 ““
873 2982 886 3010 ,Ἴ

205 3017 297 3094 Cujus
310 3016 347 3074 ob
361 3014 518 3092 auspicium
531 3014 684 3074 infaustum
699 3033 849 3090 moresque
862 3015 988 3072 sinistros

209 3095 327 3170 (Dicam
341 3095 481 3169 equidem,
496 3090 564 3152 licet
577 3113 654 3151 arma
666 3093 737 3152 mihi
750 3103 927 3170 mortemque
941 3088 1077 3168 minetur)

205 3171 327 3231 Lumina
339 3182 380 3231 tot
393 3172 532 3230 cecidisse
546 3172 658 3245 ducum,
673 3179 816 3247 totamque
829 3172 960 3230 videmus

205 3251 377 3308 consedisse
391 3250 490 3308 urbem
504 3249 593 3323 luctu,
608 3249 677 3307 dum
691 3249 778 3307 Troia
791 3257 880 3308 tentat
1111 3249 1167 3304 ³50
1283 3271 1285 3344 t

206 3329 313 3403 Castra,
327 3329 401 3403 fugae
417 3329 517 3401 fidens,
531 3335 561 3385 et
573 3327 676 3386 coelum
690 3327 797 3386 territat
810 3327 902 3386 armis.

207 3405 304 3465 Unum
318 3407 403 3463 ctiam
417 3405 498 3462 donis
512 3405 582 3480 istis,
596 3403 658 3479 qu'ae
671 3403 792 3479 plurime
805 3405 878 3464 mitti

206 3484 375 3542 Dardanidis
389 3484 502 3561 dicique
512 3483 606 3560 jubes,
620 3502 719 3557 uuum,
735 3483 841 3558 optime
855 3502 963 3559 regum,

207 3562 351 3641 Adjicias;
371 3580 426 3620 nec
439 3569 467 3620 tc
480 3561 565 3620 ullius
578 3561 713 3620 violentia
724 3562 829 3637 vincat,

207 3642 285 3714 Quin
299 3649 411 3718 gnatam
425 3640 538 3716 egregio
552 3659 655 3716 genero
669 3640 819 3718 dignisque
832 3641 990 3718 hymenoeis
1112 3645 1168 3706 355
1284 3707 1285 3730 χ

207 3718 267 3780 Des
280 3729 367 3798 pater,
382 3728 521 3797 etpacem
536 3719 609 3777 banc
623 3728 728 3778 aeterno
741 3719 847 3800 fundere
861 3721 964 3780 firmes.

207 3797 293 3871 Quod
308 3801 332 3858 si
345 3808 438 3858 tantus
450 3798 537 3856 habet
550 3807 659 3856 mentes
672 3807 702 3858 et
714 3807 829 3875 pectora
842 3808 938 3873 terror,

209 3878 306 3953 ipsum
321 3878 501 3951 obtestemur,
515 3877 684 3951 veniamque
698 3896 810 3940 oremus
823 3876 859 3935 ab
872 3878 951 3954 ipso;

207 3956 307 4030 Cedat,
318 3958 365 4032 jus
378 3956 523 4034 proprium¹
534 3953 594 4028 regi
606 3955 760 4030 patriaeque
774 3957 903 4026 remittat

208 4032 286 4104 Quid
300 4033 416 4111 miseros
429 4035 512 4093 toties
525 4033 554 4090 iu
569 4040 665 4108 aperta
678 4031 803 4107 pericula
816 4033 892 4090 cives
1113 4037 1170 4092 ³60
