2712 4488
534 497 649 555 muna
667 479 745 558 vlu.

156 645 278 726 Exigue
293 649 385 709 vires:
407 647 476 708 hinc
487 649 585 709 Tusco
598 651 757 710 claudimur
770 655 865 728 amniq

156 727 236 786 Hinc
249 729 372 787 Rutulus
384 729 497 814 premit,
510 737 541 786 et
554 749 666 792 murum
679 732 872 796 circumsonat
885 735 978 796 armis

157 807 215 864 Sed
229 807 280 865 tibi
292 822 347 884 ego
360 808 490 883 ingentes
504 809 625 884 populos
640 810 832 888 opulentaque
846 815 940 890 regnis

154 885 280 962 iungere
293 895 383 945 castra
394 903 481 964 paro:
503 905 587 963 quam
601 887 658 946 fors
670 889 788 968 inopina
801 891 921 951 salutem

157 963 306 1039 Ostentat3
327 965 391 1024 satis
405 965 460 1023 huc
475 974 503 1023 te
516 965 699 1044 poscentibus
713 968 805 1028 affers.

156 1043 244 1101 Haud
256 1045 355 1120 procul
369 1045 437 1104 hine
449 1061 518 1102 sano
531 1046 666 1104 incolitur
679 1047 796 1107 lundata
809 1056 922 1109 vetusto

156 1121 243 1182 Urbis
257 1123 397 1200 Agyllinae
413 1125 568 1200 sedequbi
583 1123 675 1200 Lydia
688 1129 831 1203 quondam

156 1201 244 1278 Gens,
258 1200 334 1260 bello
347 1203 491 1280 preclara,
501 1203 579 1282 jugis
593 1203 698 1263 insedit
711 1206 850 1265 Etruscis.

155 1279 239 1338 Hanc
253 1281 355 1340 multos
369 1281 517 1347 domatem
530 1297 620 1340 annos
633 1299 685 1340 rex
698 1285 802 1343 deinde
817 1287 939 1368 superbo

117 1378 121 1386 ·
139 1383 140 1388 ¹
155 1357 280 1436 imperio
295 1369 323 1418 et
337 1361 421 1420 saevis
434 1361 527 1418 tenuit
540 1359 704 1420 Mezentius
719 1365 810 1422 armis.

156 1437 232 1509 Quid
246 1457 401 1506 memorem
415 1439 543 1496 infandas
551 1440 661 1515 caedes,
674 1441 746 1516 quid
758 1441 831 1501 facta
843 1445 956 1520 manni

154 1516 270 1575 Effera!
292 1515 332 1574 Di
347 1517 432 1594 capiti
445 1517 534 1592 ipsius
546 1519 700 1595 generique
714 1525 876 1580 reservent!

154 1595 269 1654 Mortua
281 1595 348 1672 quin
364 1597 449 1672 etiarn
459 1597 598 1673 jungebat
611 1615 728 1674 corpore
740 1597 823 1676 vivis,

154 1675 338 1752 componens
351 1673 538 1752 manibusque
552 1695 652 1736 manus
667 1684 750 1754 atque
764 1678 860 1738 oribus
873 1697 931 1757 ora,

74 1805 77 1812 .
153 1753 301 1812 Tormenti
315 1773 405 1830 genus
418 1755 423 1810 l
446 1761 475 1812 et
488 1755 566 1813 sanie
579 1755 702 1834 taboque
715 1756 837 1816 fluentes
927 1767 931 1780 '

154 1832 316 1910 Complexo
330 1834 361 1891 in
375 1833 478 1892 misero
491 1833 576 1911 longi
590 1836 631 1892 sic
644 1845 735 1898 morte
749 1837 878 1897 necabat.

152 1913 193 1970 At
204 1911 272 1970 fessi
284 1913 399 1970 tandem
413 1913 490 1970 cives
503 1913 618 1976 infanda
630 1915 772 1973 furentem

65 1997 67 2001 ‘
152 1991 262 2050 Armati
275 1992 486 2050 circumsistunt
499 1993 648 2071 ipsumque
663 1994 855 2072 domumque:
954 2003 957 2008 '

154 2069 331 2132 Obtruncant
344 2071 453 2146 soelos3
476 2072 570 2148 ignem
585 2073 620 2130 ad
633 2072 744 2150 fastigia
753 2077 870 2154 jactant.

153 2151 207 2212 Ille
220 2153 293 2213 inter
306 2153 414 2212 caedem
428 2151 598 2212 Rutulorum
614 2153 727 2231 elapsus
741 2154 771 2214 in
785 2174 871 2232 agros

153 2233 324 2314 Confugere,
338 2243 369 2294 et
382 2233 474 2292 Turni
486 2233 634 2292 defendier
646 2233 766 2312 hospitis
780 2235 873 2294 armis.

153 2313 231 2391 Ergo
243 2316 337 2374 omnis
349 2314 430 2373 iuriis
445 2313 567 2372 surrexit
579 2313 696 2373 Etruria
704 2314 789 2394 justis
801 2335 809 2389 ;

151 2393 265 2476 Regem
279 2395 315 2454 ad
328 2393 496 2472 supplicium
511 2393 646 2472 praesenti
659 2393 753 2451 Marte
767 2401 927 2471 reposcunt.
954 2438 958 2444 .

153 2471 208 2532 llis
222 2493 275 2551 ego
289 2482 326 2550 te,
342 2473 444 2549 AEnee,
459 2474 605 2531 duetorem
619 2473 745 2531 millibus
759 2473 869 2530 addam.

152 2551 226 2612 Toto
240 2573 362 2630 namque
376 2554 500 2611 fremunt
513 2553 664 2610 condensae
679 2552 771 2611 littore
784 2571 907 2630 puppes,

153 2631 296 2710 Signaque
309 2633 382 2690 terre
392 2632 513 2710 jubent:
535 2631 638 2689 retinet
650 2631 797 2708 longaevus
811 2631 964 2710 haruspex,

151 2709 223 2768 Fata
237 2729 359 2769 canens:
382 2711 407 2769 0
423 2710 557 2768 Maeoniae
573 2709 685 2768 delecta
693 2713 841 2788 juventus,

138 2827 139 2832 κ
151 2788 221 2848 Flos
235 2797 363 2848 veterum
377 2790 520 2864 virtusque
534 2787 636 2863 vistim,
650 2808 720 2864 quos
730 2792 825 2868 justus
839 2789 869 2845 in
882 2788 994 2848 hostem

151 2865 221 2926 Fert
234 2868 322 2942 dolor,
337 2874 366 2925 et
378 2867 479 2924 meriti
494 2867 624 2924 accendit
637 2867 801 2926 Mezentius
814 2867 866 2942 irai,

150 2946 233 3005 Nulli
247 2947 288 3006 fas
303 2945 375 3005 Italo
385 2954 494 3020 ,tantam
509 2945 681 3020 sub‘ungere
694 2953 829 3021 gentem;

151 3025 295 3084 Externos
309 3033 403 3102 optate
418 3025 514 3082 duces.
556 2965 633 3081 lum
647 3024 769 3082 Etrusca
782 3023 888 3082 resedit

151 3106 216 3163 Hoc
231 3106 306 3164 acies
320 3123 431 3181 campo,
445 3103 560 3161 monitis
574 3103 707 3161 exterrita
721 3102 828 3160 divium.

151 3185 165 3243 l
188 3204 218 3243 se
233 3194 356 3244 oratores
370 3184 466 3242 adme
480 3182 617 3258 regnique
631 3201 763 3240 coronam

178 3283 226 3322 um
241 3271 352 3342 sceptro
367 3262 453 3336 misit,
468 3262 639 3338 mandatque
653 3261 785 3338 insignia,
800 3261 923 3338 Tarcho,

152 3343 308 3402 Succedam
323 3343 429 3416 castris,
445 3340 650 3418 Tyrrhenaque
664 3359 752 3417 regna
765 3360 919 3419 capessam.

152 3423 210 3481 Sed
223 3423 293 3480 mihi
307 3423 386 3480 tarda
398 3420 464 3497 gelu
478 3420 626 3498 saeclisque
640 3419 735 3478 effoeta
749 3429 880 3480 senectus

152 3501 266 3559 Invidet
278 3501 439 3577 imperium,
454 3519 582 3576 seraeque
598 3500 633 3557 ad
646 3499 729 3558 sortia
741 3499 825 3558 vires.

150 3580 181 3640 N
182 3589 258 3639 atum
273 3579 443 3654 exhortarer,
457 3578 488 3635 ni
501 3578 608 3636 mixtus
622 3586 710 3636 matre
726 3578 841 3636 Sabelli

54 3721 62 3733 ,
150 3657 229 3718 Hinc
242 3666 351 3736 partem
364 3657 462 3734 patriae
476 3656 608 3716 traheret
651 3657 706 3732 Tu,
721 3659 803 3736 cujus
817 3665 846 3716 et
859 3657 940 3716 annis

150 3739 191 3798 Et
204 3737 302 3814 generi
313 3736 370 3794 sata
382 3735 540 3810 indulgent,
555 3754 640 3811 quern
654 3736 774 3794 numina
785 3744 917 3814 poscunt,
958 3767 959 3774 κ
988 3743 989 3750 ’

151 3817 314 3894 Ingredere,
329 3835 345 3872 o
360 3813 504 3872 Teucriam
519 3821 603 3892 atque
617 3813 721 3872 Italum
736 3815 887 3875 fortissime
901 3816 1009 3874 ductor.

150 3897 238 3956 Hunc
253 3895 304 3953 tibi
316 3900 463 3971 praeterea,
478 3911 543 3970 spes
557 3901 586 3951 et
599 3892 698 3951 solatia
711 3895 808 3970 nostri,

149 3976 280 4034 Pallanta
293 3973 454 4051 adjungam.
498 3971 557 4029 Sub
571 3980 599 4030 te
613 3973 733 4030 tolerare
747 3975 880 4050 magistro

149 4053 284 4114 Militiam
300 4061 329 4111 et
340 4070 425 4130 grave
440 4050 541 4110 Martis
555 4069 635 4129 opus,
649 4061 698 4110 tua
711 4071 828 4111 eernere
841 4051 925 4130 facta,
