2712 4488
537 394 651 448 LIBER
669 395 703 449 X.
1053 399 1106 454 llo

130 539 226 598 Hunc
241 550 336 616 tegere
350 551 379 600 et
391 543 459 600 dirae
470 542 584 608 valeam
597 545 756 603 subducere
767 565 880 623 pugne.
1069 553 1106 606 50

129 618 191 676 Est
204 620 356 696 Amathus,
372 631 414 679 est
427 622 504 680 celsa
517 623 587 680 mihi
601 623 726 700 Paphus,
741 634 825 700 atque
839 626 974 702 Cythera,

131 696 294 774 Idaliaequc
307 699 425 772 domus;
445 701 544 782 positis
557 703 693 776 inglorius
706 704 790 761 armis

130 769 246 852 Erigat
259 776 306 835 hic
322 797 433 836 aevum:
455 781 558 856 magnai
572 781 679 841 ditione
689 781 796 860 jubeto

131 854 280 930 Carthago
294 866 404 932 premat
417 858 574 916 Ausoniam
586 879 594 933 ς
616 860 688 918 nihil
703 861 817 919 urbibus
831 862 898 920 inde
1149 907 1152 916 .

131 932 269 993 Obstahit
282 936 384 1012 Tyriis.
427 936 506 1008 Quid
518 946 628 1014 pestem
641 939 762 999 'evadere
776 939 844 998 belli
1069 945 1105 1000 55

129 1012 225 1088 Juvit,
241 1022 269 1071 et
282 1015 430 1090 Argolicos
443 1017 570 1074 medium
584 1016 689 1092 fugisse
703 1037 755 1095 per
767 1019 858 1095 ignes,

131 1091 251 1168 Totque
266 1095 352 1151 maris*
365 1095 510 1170 vastaeque
524 1095 662 1152 exhlusta
674 1098 801 1172 pericula
812 1101 917 1174 terra,

130 1171 216 1228 Dum
230 1172 346 1229 Latium
360 1173 466 1231 Teucri
479 1173 659 1251 recidivaque
674 1175 813 1251 Pergama
825 1179 975 1254 quierunt?

131 1250 165 1308 N
166 1269 205 1312 on
220 1251 307 1308 satius
321 1252 430 1310 cineres
444 1252 542 1328 patriae¹
556 1252 694 1311 insedisse
707 1273 864 1331 supremos,

131 1330 233 1406 Atque
247 1330 338 1388 solum
353 1349 409 1406 quo
423 1332 512 1408 Troja
523 1331 596 1388 luit?
636 1331 784 1390 Xanthum
799 1343 828 1392 et
842 1335 989 1400 Simoenta
1067 1339 1104 1391 60

131 1407 250 1482 Redde,
265 1428 323 1483 oro,
338 1409 466 1482 miseris;
487 1410 647 1485 iterumque
661 1411 805 1468 revolvere
819 1430 901 1470 casus
955 1460 960 1476 .
992 1471 995 1477 Δ

132 1487 193 1562 Da,
207 1493 296 1564 pater,
312 1488 415 1544 Iliacos
428 1487 556 1545 Teucris.
599 1489 676 1546 Tum
689 1489 766 1567 regia
778 1489 863 1564 Juno,
905 1523 907 1528 ·

45 1597 47 1602 ,
132 1567 211 1632 Acta
223 1565 317 1623 surore
330 1565 426 1641 gravi:
450 1566 528 1636 Quid
541 1585 587 1623 me
601 1567 657 1625 alta
669 1567 785 1626 silentia·
795 1569 872 1644 cogis

132 1645 293 1721 Rumpere,
309 1654 337 1703 et
350 1644 504 1703 obductum
512 1645 611 1703 ¹verbis
624 1646 740 1722 vulgare
754 1647 901 1706 dolorem?

133 1723 250 1781 AEuean
264 1723 410 1806 hominum
425 1725 573 1801 quisquam
588 1725 723 1784 divrimve
737 1724 853 1802 subegit,
1062 1730 1103 1782 85

114 1797 118 1805 ’
132 1802 220 1860 Bella
233 1803 324 1880 sequi,
340 1812 388 1860 aut
402 1802 513 1862 hostem
527 1803 587 1878 regi
601 1823 631 1862 se
645 1805 747 1863 inlerre
761 1806 863 1863 Latino
872 1807 889 1876 ?¹

133 1880 249 1939 Italiam
263 1881 326 1940 lutis
339 1882 422 1959 petiit
435 1881 605 1958 auctoribus,
620 1893 690 1958 esto,
746 1903 748 1906 ·

134 1960 304 2018 Cassandrae
318 1961 457 2038 impulsus
471 1961 559 2020 iuriis.
600 1962 681 2020 Num
695 1963 823 2038 linquere
836 1969 927 2020 castra

134 2039 251 2098 Hortati
265 2059 371 2114 sumus,
387 2047 434 2098 out
447 2041 533 2098 vitam
547 2041 723 2101 committere
736 2041 851 2100 ventis?
1025 2095 1028 2100 .

133 2119 217 2177 Num
231 2137 320 2196 puero
335 2121 475 2177 summani
490 2118 567 2195 belli,
581 2139 649 2177 num
664 2119 778 2178 credere
792 2137 886 2177 muros
895 2121 984 2181 ita-1¹,
1007 2156 1022 2198 ι’
1066 2121 1102 2175 70

135 2197 352 2274 Tyrrhenamve
365 2195 452 2262 finan
467 2207 515 2256 aut
527 2208 627 2274 gentes
640 2199 744 2274 agitare
757 2196 889 2275 quietas?
989 2215 1003 2265 s

137 2275 211 2347 Quis
225 2277 295 2335 deus
308 2277 338 2335 in
352 2277 489 2353 fraudem,
503 2296 566 2355 quae
581 2278 651 2335 dura
664 2276 792 2353 potentia·
801 2278 890 2338 nostn'
976 2332 978 2340 ,

135 2355 225 2431 Egit?
245 2357 295 2414 nbi
309 2354 356 2414 hio
368 2358 453 2432 Juno,
469 2357 627 2415 demissave
641 2355 763 2434 nubibus
777 2355 830 2416 Iris
839 2358 855 2413 i·
932 2389 939 2397 ·

137 2434 289 2510 Indignum
303 2442 346 2494 est
360 2436 446 2494 ltalos
460 2435 576 2514 Trojam
590 2433 763 2493 circumdare
775 2433 895 2494 dammis

136 2512 322 2588 Nascentem,
337 2523 366 2572 et
378 2516 468 2592 patrii
482 2515 613 2572 Turnum
627 2513 780 2572 consistere
793 2513 875 2588 terri,
1064 2515 1101 2569 ⁷5

137 2590 193 2649 Cui
206 2591 354 2649 Pilumnus
369 2612 447 2667 avus,
462 2593 509 2650 cui
523 2593 589 2650 diva
601 2590 717 2650 Venilia
729 2600 836 2650 mater:

137 2669 217 2740 Quid
229 2669 291 2726 sace
305 2668 442 2746 Trojanos
457 2671 515 2728 atri
529 2671 587 2726 vim
600 2668 673 2726 serre
686 2670 805 2743 Latinis,
864 2707 866 2712 ·

136 2749 214 2805 Arva
227 2746 319 2804 aliena
328 2749 398 2824 Jugo
410 2765 547 2824 premere,
562 2755 645 2822 atque
659 2755 784 2805 avertere
797 2746 927 2823 praedas?

138 2825 216 2897 Quid
230 2843 341 2884 soceros
355 2825 458 2900 legere,
473 2834 501 2883 et
513 2823 628 2898 gremiis
642 2823 781 2882 abducere
795 2833 912 2901 pactas;

137 2905 243 2963 Pacem
257 2922 335 2961 orare
349 2922 445 2979 manu,
459 2903 604 2980 praefigere
613 2901 759 3039 puppibus
773 2903 869 2962 arma?
922 2933 924 2937 ·
1063 2905 1100 2959 80

137 2983 184 3042 Tu
196 2990 278 3062 potes
292 2981 403 3040 AEnean
417 2980 546 3038 manibus
560 2979 612 3038 sub
633 2998 718 3038 nuere
732 2980 859 3056 Grahim,

137 3062 249 3140 Proque
262 3061 323 3120 viro
336 3059 469 3118 nebulam
484 3068 512 3117 et
525 3067 624 3117 ventos
638 3058 791 3118 obtendere
804 3060 919 3132 inanem

138 3142 178 3200 Et
190 3149 270 3218 potes
283 3140 313 3197 iu
329 3140 447 3198 totidem
461 3138 581 3196 classem
595 3137 760 3200 convertere
773 3138 924 3215 Nymphas
937 3158 942 3195 :

137 3221 200 3279 Nos
214 3219 318 3297 aliquid
331 3217 455 3277 Rutulos
468 3214 565 3275 contrd
575 3217 684 3295 juvisse
699 3216 852 3298 uelandum
866 3219 930 3276 est?
1036 3213 1046 3244 '

138 3299 245 3356 AEneas
258 3299 371 3374 ignarus
386 3297 480 3355 abest:
502 3297 616 3372 ignarus
630 3303 659 3356 et
672 3294 751 3354 absit
1060 3299 1097 3352 85

66 3403 69 3407 ’
138 3377 193 3436 Est
206 3376 322 3454 Paphus
336 3376 512 3453 Idaliumque
526 3374 587 3449 libi,
602 3383 667 3433 sunt
680 3373 736 3433 alta
748 3373 890 3451 Cythera:

140 3455 218 3526 Quid
231 3455 373 3530 gravidam
386 3452 468 3513 bellis
481 3453 580 3511 urbem
594 3461 623 3511 et
636 3453 720 3510 corda
733 3471 832 3530 aspera
844 3455 954 3512 tentas?

138 3534 238 3593 Nosne
252 3533 303 3590 tibi
315 3532 405 3590 fluxas
418 3531 551 3608 Phrygiae
564 3549 609 3588 res
624 3539 730 3588 vertere
743 3530 830 3590 fundo
894 3573 900 3584 .
989 3553 993 3564 ·

139 3611 303 3672 conamur?
323 3612 396 3668 nos?
416 3629 452 3668 an
466 3610 582 3667 miseros
595 3609 644 3686 qui
656 3609 745 3666 Troas
756 3609 873 3668 Achivis
984 3621 992 3638 “

138 3691 271 3769 Ohjecit?
305 3688 378 3759 Quae
393 3707 478 3746 causa
490 3684 543 3745 tuit
554 3703 722 3762 consurgere
736 3687 765 3746 in
779 3703 879 3746 arma*
1058 3691 1095 3744 90

138 3770 340 3846 Europamque
352 3767 516 3842 Asiamque,
531 3774 560 3824 et
572 3765 677 3824 ludera
689 3766 798 3824 solvere
810 3765 904 3824 furto?

139 3848 190 3907 Me
204 3849 277 3905 duce
291 3844 450 3903 Dardanius
466 3845 593 3921 Spartam
608 3843 781 3920 expugnavit
793 3843 922 3902 adulter?

138 3927 198 3986 Aut
210 3945 262 4004 ego
276 3923 332 3984 tela
346 3923 421 3998 dedi,
435 3921 528 3980 fovive
542 3921 674 4000 cupidine
687 3919 781 3980 bella?

292 4003 357 4061 21*
