3076 4514
607 399 720 456 LIBER
738 399 761 456 1.

198 549 300 610 Omnis
313 550 344 609 in
357 550 482 610 monnio
495 550 554 608 ceri
567 555 621 609 stet
634 569 701 610 curs
712 550 845 628 parentis.

199 628 323 688 Munere
356 638 481 704 interce,
496 628 592 688 lllecis
605 638 702 707 erepte
714 628 810 704 ruinis,

199 707 287 766 Ferre
296 648 398 786 jubet,
418 708 523 786 pellem
537 708 626 784 signis
639 725 762 784 eumque
775 707 923 783 rigentem,

200 785 241 843 Et
253 786 469 845 circumtextum
483 805 585 844 croceo
597 787 729 846 rclsmen
742 785 873 859 monuo,

200 863 324 923 Ornetus
337 865 452 941 Argium
467 865 599 940 Helene,
613 884 684 941 quos
694 865 743 922 ills
755 863 898 940 Mycenis,
996 897 999 906 ,
1027 915 1031 923 .
1103 867 1161 922 666

198 941 339 1020 Pergamo
350 962 439 1020 quum
452 951 561 1019 peteret
574 945 811 1020 inconcessosque
824 941 1011 1018 Hymessos,

200 1021 359 1098 Extuleret,
374 1023 470 1080 metris
483 1023 571 1080 Lede
585 1023 713 1082 mirabile
727 1022 852 1080 donum:

199 1099 341 1160 Preteres
353 1109 505 1179 sceptrum,
521 1101 612 1160 Ilione
625 1101 702 1178 quod
715 1104 839 1176 gesseret
851 1098 929 1175 olim,

199 1178 329 1237 Monimo
341 1187 470 1240 ueterum
483 1179 599 1255 Priemi,
614 1179 744 1256 colloque
757 1177 863 1236 monile

199 1256 367 1334 Bsccstum,
382 1267 411 1318 et
424 1259 567 1336 duplicem
581 1259 838 1333 gemmiseuroque
852 1274 993 1315 coronam.
1103 1261 1160 1316 665

201 1335 274 1394 Haec
287 1337 425 1411 celerans,
439 1336 492 1395 iter
505 1336 541 1394 cd
554 1355 641 1393 neres
654 1335 789 1394 tendebat
800 1334 934 1392 Achates

237 1415 277 1473 At
290 1415 435 1491 Cytheren
446 1431 534 1472 nores
548 1421 630 1487 ortes,
644 1431 719 1470 nove
730 1419 844 1489 pectore
857 1419 950 1471 verset
982 1453 984 1455 -
1027 1449 1028 1452 =

199 1491 345 1566 consiliu
366 1499 398 1550 ut
411 1490 512 1550 sociem
526 1498 649 1549 mutetns
663 1498 692 1548 et
705 1509 754 1548 ore
766 1489 879 1565 Cupido

199 1571 256 1628 Pro
269 1570 345 1629 dulci
359 1569 484 1629 Asconio
497 1570 601 1645 veniet,
614 1563 752 1646 donisque
764 1568 905 1631 furentem

201 1648 340 1709 Incendet
352 1649 488 1725 reginem,
502 1656 587 1725 etque
600 1645 711 1706 ossibus
724 1647 852 1725 implicet
865 1646 971 1724 ignem.
1103 1653 1161 1707 660

201 1727 318 1804 Quippe
332 1728 449 1786 domum
462 1725 726 1806 timetombigupm,
740 1725 899 1803 Tyriosque
912 1726 1064 1804 bilingues

200 1806 266 1867 Urit
279 1814 358 1866 strox
370 1807 388 1864 J
389 1826 455 1881 nno,
469 1814 498 1866 ct
510 1806 564 1865 sub
570 1815 690 1864 noctem
704 1823 772 1863 cure
783 1813 916 1864 recursat
975 1817 977 1823 ’

202 1885 280 1961 Ergo
293 1885 339 1944 his
353 1885 489 1964 eligerem
502 1885 584 1944 dictis
599 1883 700 1943 effatur
711 1885 865 1942 Amorem:

201 1963 286 2039 Note,
301 1983 373 2022 merc
386 1965 470 2039 vires,
485 1982 549 2022 mee
561 1981 663 2039 magne
676 1962 811 2039 potentin,
825 1963 911 2038 solus,

200 2041 230 2100 N
232 2050 287 2117 ete,
301 2043 386 2120 petris
400 2043 503 2100 summi
516 2042 565 2119 qui
576 2042 635 2100 tels
647 2041 782 2118 Typhoia
794 2041 907 2117 temnis,
1102 2043 1159 2099 666

200 2121 247 2179 Ad
260 2129 288 2180 te
301 2120 443 2197 confugio,
458 2128 487 2179 et
499 2121 619 2199 supplex
632 2128 682 2179 tuo
693 2119 811 2178 numine
822 2139 919 2198 posco.

200 2199 300 2258 Frster
312 2207 344 2259 ut
356 2200 465 2258 AEncss
477 2200 656 2277 pelagotuus
669 2199 767 2257 omnio
778 2199 885 2258 circum

201 2278 309 2338 Littore
320 2281 437 2338 'ectctur
449 2279 522 2337 odiis
533 2279 654 2338 Junonis
667 2277 787 2374 inique,

200 2356 278 2418 Note
291 2299 359 2432 tibi3
380 2366 410 2417 et
420 2367 516 2417 nostro
530 2356 643 2417 doluisti
655 2375 732 2434 saepe
746 2357 852 2417 dolore.

201 2434 290 2496 Hunc
301 2435 452 2496 Pboenisss
464 2445 543 2496 tenet
554 2437 641 2511 Dido,
655 2434 823 2514 blandisque
837 2444 962 2495 moretur
1101 2438 1160 2495 676

201 2513 345 2574 Vocibus:
366 2523 396 2576 et
407 2534 507 2574 vereor
519 2513 576 2594 qub
589 2535 621 2574 sc
632 2516 651 2573 J
652 2516 758 2575 unonie
769 2523 880 2574 vertunt

201 2593 350 2672 Hospitis:
371 2594 447 2653 houd
460 2602 537 2654 tento
551 2593 673 2653 cessabit
686 2595 800 2652 cordine
813 2601 916 2653 rer‘um.

202 2670 346 2742 Quocirca
358 2691 460 2748 cepere
471 2670 537 2731 ent&
551 2672 633 2748 dolis,
648 2681 678 2731 et
690 2673 804 2747 cingere
817 2672 931 2730 flammi
978 2709 981 2717 ·

201 2749 342 2826 Reginam
353 2750 473 2808 meditor
484 2769 492 2822 ;
511 2769 549 2808 ne
562 2769 619 2827 quo
633 2769 664 2808 se
678 2751 797 2808 numine
810 2758 908 2823 mutet,

123 2827 127 2834 '
204 2828 262 2887 Sed
275 2845 377 2904 mogno
390 2827 493 2885 AEnem
506 2846 619 2886 mecum
633 2835 764 2888 teneatur
776 2845 879 2885 emme.
1100 2829 1159 2884 676

203 2905 270 2978 Qus
282 2903 374 2964 fecere
386 2905 417 2964 id
430 2905 532 2984 possis,
545 2913 668 2965 nostrum
682 2923 758 2963 nunc
772 2905 869 2982 sccipe
882 2909 1017 2962 mentem.

203 2985 322 3061 Regius,
337 2985 428 3043 sccitu
438 2984 496 3042 cori
509 2984 652 3060 genitoris,
666 2984 702 3043 ed
714 2982 814 3041 urbem

204 3063 348 3123 Sidoniam
361 3082 433 3141 puer
446 3062 487 3122 ire
499 3070 587 3141 peret,
602 3081 666 3122 mee
678 3061 803 3120 monime
814 3079 889 3136 cure,

202 3142 288 3202 Dona
300 3141 402 3217 serens,
415 3140 517 3220 pelsgo
530 3149 559 3200 et
571 3142 693 3200 flammis
706 3140 840 3200 restnntie
851 3138 965 3217 Trojm:

205 3221 291 3282 Hunc
304 3228 357 3298 ego
371 3221 492 3298 sopitum
505 3240 614 3296 somno,
628 3239 714 3297 super
726 3219 782 3278 elte
794 3216 928 3294 Cythern,
1101 3221 1160 3276 660

204 3300 264 3359 Ant
275 3319 360 3377 super
372 3300 503 3376 ldnlium,
517 3300 626 3358 secreti
638 3299 707 3362 sede
717 3297 867 3356 recondam
880 3302 892 3371 ς’

205 3377 252 3436 Ne
265 3379 322 3454 qud
335 3379 406 3436 scire
419 3379 508 3455 dolos,
522 3379 670 3438 mediusve
682 3395 829 3436 occurrere
841 3373 938 3452 possit.

205 3455 252 3513 Tu
265 3454 366 3514 sociem
379 3456 465 3532 illius,
478 3466 591 3516 noctem
603 3475 662 3514 non
676 3452 796 3532 emplius
809 3473 905 3529 onem,

205 3533 288 3592 Folle
301 3535 376 3608 dolo,
390 3543 419 3593 et
431 3530 514 3597 notos'
525 3535 606 3615 pueri
618 3552 689 3610 puer
700 3533 787 3592 indue
800 3533 912 3608 vultum

206 3611 257 3689 Ut,
270 3632 358 3689 quum
372 3620 401 3671 tc
413 3615 521 3688 gremio
534 3611 656 3691 accipiet
667 3612 812 3671 letissime
823 3612 901 3672 Dido
1102 3611 1159 3675 685

206 3691 331 3768 lbegeles
343 3690 416 3749 inter
429 3709 542 3752 mensos
554 3691 722 3768 laticemque
736 3692 866 3768 Lymum,

208 3770 307 3842 Quum
320 3768 398 3828 debit
411 3770 558 3847 amplexus
571 3782 653 3846 etque
666 3770 764 3828 oscula
775 3769 871 3828 dulcio
882 3769 960 3844 liget,

208 3849 359 3908 Occultum
372 3848 491 3926 inspires
504 3850 609 3928 ignem,
623 3847 757 3924 sellaeque
770 3865 891 3906 veneno.

246 3927 331 3988 Petet
342 3931 431 3986 Amor
443 3927 527 3986 dictis
536 3947 607 3988 corn
620 3927 780 4002 genetricis,
793 3935 823 3985 ct
835 3925 899 3984 eles
