2712 4488
207 553 260 608 ete
607 549 786 606 AENEIDOS

208 703 384 761 Tercentum
397 699 535 780 adjiciunt
552 699 648 792 (mens
661 699 793 758 omnibns
806 717 863 758 une
875 698 1027 778 sequendi)

209 781 268 854 Qui
282 781 393 839 Caerete
407 780 502 855 domo,
517 797 565 856 qur
578 787 645 838 sunt
657 778 796 846 Minionis
809 779 839 836 in
853 778 936 854 ervis,

208 859 249 918 Et
261 859 349 938 Pyrgi
359 867 480 936 veteres,
494 859 730 935 intempestaeque
745 857 897 916 erumna.

247 937 315 996 Non
330 957 383 1014 ego
396 946 435 1012 te,
449 938 586 1013 Ligurum
600 937 701 995 ductor
714 931 864 994 fortissime
876 935 962 1012 bello,

209 1017 392 1092 Transierim,
408 1017 531 1092 Cinym;
552 1023 582 1073 et
593 1015 692 1091 paucis
706 1014 838 1073 comitate
852 1013 981 1092 Cupevo,

209 1095 300 1173 Cujus
317 1095 432 1154 olorinre
446 1102 563 1170 surgunt
575 1094 612 1150 de
624 1093 732 1152 vertice
744 1111 863 1170 pennas:

210 1173 326 1232 Crimen
341 1192 418 1232 emor
430 1181 565 1246 restrum,
580 1171 733 1249 formasque
746 1171 857 1248 insigne
869 1179 1010 1248 paternas3

209 1251 240 1310 N
242 1271 343 1329 emque
356 1252 450 1310 serunt
462 1251 540 1310 luctu
555 1251 684 1327 Cycnum
698 1249 886 1310 Phaethontis
899 1251 994 1326 amati,

209 1331 352 1407 Populeas
365 1330 438 1388 inter
450 1330 563 1388 frondes
576 1329 760 1406 umbramque
773 1347 901 1387 somnum

210 1411 289 1468 Dum
302 1409 386 1484 canit,
401 1417 430 1467 et
442 1417 574 1467 moestum
587 1407 669 1466 musi
682 1409 788 1466 soletur
800 1425 934 1484 amorem,

211 1488 370 1546 Canentem
384 1487 462 1560 molli
475 1486 572 1566 plume
585 1488 702 1544 duxisse
716 1495 871 1561 senectam,

211 1567 403 1643 Linquentem
417 1573 512 1643 terras,
526 1574 555 1624 et
567 1565 660 1624 sidere
672 1583 745 1623 voce
758 1573 932 1642 sequentem.

209 1645 311 1720 Filius,
326 1645 448 1722 aequeles
461 1646 610 1704 comitatus
624 1644 714 1703 classe
728 1652 863 1720 catervas,

212 1723 361 1799 ingentem
374 1725 459 1798 remis
470 1723 646 1783 Centaurum
658 1731 823 1800 promovet:
844 1723 892 1781 ille

211 1801 300 1860 Instat
313 1821 402 1880 aque,
416 1820 573 1880 sexumque
586 1803 670 1859 undis
683 1802 807 1859 immane
821 1801 944 1860 minatur

210 1883 334 1956 Arduus,
349 1889 378 1940 et
390 1880 474 1956 longi
488 1880 578 1939 sulcet
591 1880 679 1937 maria
692 1879 748 1937 alta
761 1880 864 1938 carini.
951 1923 953 1930 .

250 1958 303 2018 Ille
317 1960 402 2018 etiem
412 1959 509 2036 patriis
522 1977 624 2036 agmen
638 1959 695 2016 ciet
707 1958 805 2017 Ocnus
819 1958 854 2016 ab
868 1957 933 2034 oris,

211 2038 350 2098 Fatidice
365 2037 482 2098 Mentire
496 2047 525 2097 et
538 2037 626 2095 Tusci
640 2036 714 2096 lilius
728 2037 828 2112 amnis,

212 2117 271 2190 Qui
285 2135 379 2176 muros
390 2117 545 2194 matrisque
559 2116 638 2174 dedit
650 2116 711 2193 tibi,
725 2117 855 2193 Mantua,
869 2133 989 2174 nomen:

210 2196 332 2259 Mantua
344 2197 424 2254 dives
439 2196 507 2271 avis,
522 2195 642 2254 sednon
656 2215 745 2271 genus
760 2195 892 2254 omnibus
905 2213 1010 2256 unum:

212 2275 292 2333 Gens
305 2275 347 2333 illi
360 2275 471 2352 triplex,
485 2273 583 2353 populi
597 2274 649 2332 sub
662 2284 747 2350 gente
760 2274 904 2352 quaterni;

120 2408 123 2427 ,
211 2353 279 2430 Ipso
292 2362 377 2430 ceput
389 2353 519 2430 populis:
541 2353 637 2410 Tusco
650 2354 686 2410 de
700 2371 837 2430 sauguine
850 2353 932 2410 vires.

211 2431 290 2490 Hinc
304 2451 417 2510 quoque
431 2432 599 2507 quingentos
612 2430 642 2487 in
656 2449 687 2488 se
700 2431 863 2489 Mezentius
877 2435 974 2505 armat,

214 2510 294 2580 Quos
307 2518 386 2587 petre
400 2509 527 2584 Benaco,
541 2507 652 2566 velatus
665 2510 801 2566 nmndine
815 2508 924 2584 glaucd,

213 2588 341 2646 Mincius
354 2587 457 2646 infesti
470 2587 591 2645 ducebat
604 2586 634 2644 iu
648 2605 760 2662 aequore
772 2588 850 2664 pinu.

214 2668 242 2726 lt
254 2668 346 2743 gravis
359 2666 502 2742 Aulestes,
516 2665 695 2741 centenisque
709 2665 807 2723 arbore
819 2665 921 2724 fluctus

213 2745 353 2804 Verberet
366 2763 533 2822 assurgens;
555 2752 688 2822 spument
701 2745 773 2802 vada
786 2763 923 2802 marmore
935 2762 1026 2833 versp-
1067 2769 1069 2776 >

213 2825 301 2885 Hunc
313 2825 393 2884 vehit
408 2825 539 2882 immanis
552 2824 663 2899 Triton,
677 2831 706 2882 et
719 2823 823 2882 caerrrla
835 2823 945 2882 conobri

214 2905 370 2964 Exterrens
383 2904 470 2962 irete:
492 2908 539 2962 cur'
552 2903 671 2962 latemm
684 2911 767 2962 tenus
780 2902 892 2996 hispide
905 2902 984 2961 nanti

214 2985 306 3044 Frons
319 2984 466 3042 homiuem
480 2982 601 3060 praefert,
614 2982 644 3040 in
657 2982 758 3059 pristin
772 2981 875 3041 deunit
887 2982 976 3057 alvus,

216 3064 341 3140 Spumea
354 3063 484 3120 semifero
498 3061 551 3120 sub
563 3069 677 3138 pectore
692 3068 846 3119 murmuret
859 3061 943 3120 unde.

214 3143 273 3201 Tot
285 3141 351 3200 lecti
364 3160 494 3218 proceres
508 3148 551 3198 ter
563 3141 644 3198 denis
657 3140 777 3198 navibus
791 3139 869 3197 ibant

217 3220 349 3278 Subsidio
363 3219 469 3297 Trojae,
484 3227 512 3276 et
525 3237 640 3296 campos
654 3217 719 3275 salis
734 3236 789 3276 tere
803 3218 944 3275 secabant

253 3298 373 3373 Jamque
387 3297 447 3354 dies
461 3295 533 3355 coelo
547 3303 732 3369 concesserat,
747 3294 876 3371 almaque
890 3313 972 3353 curru

216 3374 375 3449 Noctivego
389 3373 504 3450 Pboebe
512 3374 638 3436 medium
650 3371 781 3448 pulsabat
793 3372 955 3449 Olympum.

215 3452 332 3526 AEneas,
346 3469 438 3526 neque
452 3450 528 3508 enim
542 3449 674 3507 membris
688 3448 737 3506 dat
748 3467 815 3507 cura
827 3451 960 3527 quietem,

217 3531 284 3608 lpse
297 3528 399 3587 sedens
412 3527 580 3604 clavumque
593 3527 664 3602 regit
676 3526 804 3604 velisque
817 3529 963 3589 ministret.

216 3609 312 3684 Atque
325 3606 376 3680 illi,
388 3607 482 3664 medio
495 3607 524 3663 iu
539 3606 637 3682 spatio,
652 3605 756 3664 chorus
769 3625 838 3665 eece
851 3625 965 3667 suarum
1034 3661 1040 3675 ‚

218 3685 348 3747 Occurrit
360 3685 505 3759 comitum,
519 3685 549 3743 N
551 3685 673 3760 ymphae,
688 3705 757 3760 quas
771 3685 844 3744 alma
856 3686 976 3764 Cybebe

217 3767 335 3827 Numen
348 3763 454 3822 habere
468 3764 559 3838 maris,
574 3763 780 3840 Nymphasque
793 3783 809 3822 e
822 3765 942 3826 navibus
955 3785 1027 3843 esse,

217 3845 361 3902 iusserat:
382 3841 517 3900 innabant
528 3841 640 3918 pariter,
653 3841 812 3919 fluctusque
826 3845 967 3922 secabant,

220 3923 298 3993 Quot
310 3918 387 3998 priris
401 3928 492 3978 aerate
506 3926 642 3977 steterant
655 3920 690 3975 ed
704 3919 795 3978 littora
807 3939 906 3998 prorae.

219 4001 386 4074 Agnoscunt
397 3995 482 4074 longis
497 4015 601 4070 regem,
614 3995 787 4074 lustrantque
801 3998 919 4058 choreis.

218 4077 346 4150 Quarum
362 4095 424 4153 que
438 4076 514 4134 sandi
526 4073 689 4132 doctissima
702 4073 893 4150 Cymodocea,
