2712 4488
435 433 438 444 “
539 435 651 492 LIBER
669 435 704 490 X.

137 579 198 652 Qui
211 592 353 662 revocent,
368 583 517 663 maestique
529 585 621 644 lerant
632 585 764 644 mandata
776 588 909 662 parentia.

135 660 176 718 At
188 662 314 722 Lausum
326 663 396 722 socii
409 664 569 722 exanimem
583 683 668 742 super
681 683 759 722 arma
771 665 901 726 serebant
1008 722 1010 728 .

135 735 263 816 Flentes,
277 742 430 818 ingentem,
445 750 528 818 atque
541 743 649 818 ingenti
661 743 781 800 vulnere
794 743 911 802 victum.
955 813 956 820 ἵ

136 817 262 892 Agnovit
274 817 357 896 longe
371 820 507 895 gemitum
521 839 649 897 presaga
661 821 729 878 mali
742 840 842 896 mens,

137 894 281 956 Canitiem
295 898 384 956 multo
398 897 536 956 deformat
548 898 675 974 pulvere,
690 908 719 957 et
732 899 829 960 ambas

136 973 183 1031 Ad
197 977 300 1034 coelum
314 973 405 1036 tendit
416 977 534 1052 palmas,
549 985 578 1034 et
590 995 707 1054 corpore
719 977 857 1038 iuberet:

137 1051 267 1113 Tantane
280 1073 326 1114 me
339 1055 430 1113 tenuit
442 1054 567 1130 vivendi,
581 1064 656 1130 nate,
670 1054 811 1132 voluptas,

137 1128 179 1188 Ut
190 1151 241 1208 pro
254 1151 300 1192 me
313 1133 409 1192 hostili
421 1141 533 1210 paterer
546 1133 699 1192 succedere
713 1133 820 1192 dextra

137 1207 234 1279 Quem
246 1213 351 1288 genui?
372 1220 458 1270 tuane
471 1211 534 1270 haec
548 1211 657 1288 genitor
669 1230 720 1288 per
732 1213 851 1270 vulnera
863 1233 968 1292 servor,

128 1286 231 1362 vMorte
245 1291 293 1348 tui
306 1291 427 1350 vivens?
447 1291 524 1348 heu!
546 1309 622 1348 nunc
636 1291 738 1348 misero
752 1290 823 1350 mihi
836 1287 953 1353 demum

136 1365 280 1440 Exsilium
294 1367 402 1444 infelix,
416 1387 494 1426 nunc
509 1365 564 1427 alte
578 1368 681 1426 vulnus
695 1369 842 1446 adactum!

137 1443 218 1503 Idem
233 1445 295 1524 ego,
309 1456 384 1522 nate,
398 1456 479 1504 tuum
492 1445 632 1504 maculavi
645 1447 764 1504 crimine
778 1465 893 1524 nomen,

136 1519 239 1583 Pulsus
257 1526 293 1584 ob
307 1525 442 1584 iuvidiam
456 1524 526 1582 solio
540 1524 712 1600 sceptrisque
724 1525 856 1600 patemia

135 1600 301 1662 Debueram
313 1603 410 1680 patrica
423 1621 521 1679 poenas
535 1603 661 1680 odiisque
675 1599 820 1661 meorum:

137 1679 245 1740 Omnes
258 1701 309 1759 per
321 1689 424 1740 mortes
438 1681 560 1740 animam
574 1690 684 1740 sontem
696 1681 758 1758 ipse
772 1682 923 1740 dedissem.

135 1757 166 1816 N
167 1779 223 1818 unc
235 1761 317 1835 vivo;
339 1771 432 1836 neque
449 1760 541 1819 adbuc
554 1761 684 1819 homines
697 1761 848 1838 lucemque
861 1759 999 1839 relinquo.

95 1853 97 1858 “
137 1837 195 1896 Sed
208 1839 342 1916 linquam.
385 1837 476 1896 Simul
488 1839 543 1898 boc
557 1840 654 1897 dicens
668 1839 769 1898 attollit
780 1840 810 1897 in
825 1857 932 1916 aegrum
953 1863 955 1870 ¹
1046 1839 1049 1843 ’

137 1915 175 1974 Se
188 1917 296 1992 semur3
318 1927 356 1994 et,
370 1935 530 1994 quanquam
543 1919 587 1976 vis
600 1919 656 1985 alto
669 1918 787 1976 vulnere
797 1920 895 1994 tardat,

20 1987 21 1996 ’
136 1994 224 2054 Haud
237 1998 373 2076 dejectus,
388 2015 492 2073 equum
506 1997 572 2056 duci
580 1997 672 2076 jubet.
692 2035 695 2040 ·
713 1996 779 2054 Hoc
793 1997 879 2056 decus
892 1997 943 2072 illi,

135 2073 202 2132 Hoc
216 2076 340 2134 solamen
354 2085 431 2150 erat.;
451 2075 534 2133 bellis
547 2075 602 2134 boc
615 2075 705 2133 victor
718 2074 813 2135 abibat
872 2099 875 2105 ·
945 2105 948 2115 ’

136 2151 285 2225 Omnibus
325 2155 486 2230 Alloquitur
498 2162 674 2228 moerentem,
688 2161 718 2212 et
730 2153 833 2213 talibus
846 2154 953 2234 infitrls
965 2159 973 2190 ²·
989 2177 990 2185 ¹

135 2230 259 2308 Rhoebe,
274 2234 331 2308 diu,
345 2251 389 2291 ree
403 2234 427 2291 si
440 2252 497 2310 qua
510 2233 558 2291 diu
572 2232 736 2291 mortalibus
748 2232 807 2291 ulla
820 2242 872 2310 est,
938 2235 942 2250 ⁴

135 2307 289 2370 Viximus:
311 2321 358 2370 aut
371 2311 456 2372 hodie
469 2311 560 2370 victor
572 2311 662 2389 spolia
675 2311 724 2368 illa
737 2322 854 2386 cruenta

135 2387 176 2448 Et
188 2399 274 2468 caput
286 2390 389 2449 AEneae
403 2391 516 2466 referes,
531 2391 674 2468 Lausique
688 2390 817 2449 dolorum

135 2465 219 2528 Ultor
232 2470 286 2528 eris
300 2489 432 2544 mecum3
454 2477 516 2547 aut,
525 2471 613 2547 aperit
626 2470 651 2528 si
663 2469 742 2527 nulla
754 2471 831 2528 viam
844 2471 897 2546 vis,

135 2545 297 2607 Occumbes
310 2550 431 2626 pariter:
453 2567 546 2626 neque
561 2549 647 2624 enim,
660 2545 821 2625 fortissime,
835 2550 930 2624 credo,

132 2624 218 2684 Jussa
231 2628 322 2685 aliena
335 2628 394 2704 pati
407 2636 436 2685 et
449 2628 578 2685 dominos
592 2627 744 2703 dignabere
758 2628 893 2686 Teucros.

134 2705 235 2778 Dixit:
257 2714 285 2764 et
299 2715 435 2782 exceptus
448 2713 526 2781 tergo
539 2714 674 2781 consueta
686 2705 790 2764 locavit

92 2795 94 2798 '
134 2781 283 2856 Membra,
305 2802 461 2859 manusque
476 2782 571 2840 ambas
580 2783 683 2861 jaculis
697 2783 823 2840 oneravit
835 2783 935 2857 acutis,
1047 2846 1049 2852 ¹

21 2865 22 2868 ’
134 2863 205 2920 AEre
218 2870 301 2938 caput
313 2862 434 2936 fulgens,
449 2861 588 2938 eristique
601 2861 724 2918 hirsutus
738 2860 851 2936 equini.

137 2941 184 2999 Sic
197 2960 309 2999 cursum
323 2941 352 2997 in
366 2939 474 2998 medios
487 2940 600 3016 rapidus
614 2939 700 2996 dedic
742 2937 857 2996 AEstuat
868 2938 970 3014 ingens
1038 2942 1095 2996 870

136 3020 198 3078 Imo
211 3019 241 3076 in
254 3019 338 3078 corde
351 3017 449 3095 pudor,
464 3017 609 3094 mixtoque
622 3016 732 3074 insania
744 3016 833 3091 luctu,

140 3097 194 3174 [Et
206 3098 284 3156 furiis
299 3097 417 3172 agitatus
431 3115 518 3172 amor,
532 3104 562 3154 et
574 3095 688 3154 conscia
699 3095 815 3174 virtus]

84 3218 86 3225 ·
135 3180 229 3254 Atque
242 3177 289 3236 bic
303 3173 416 3234 AEnean
430 3176 532 3252 magud
544 3184 588 3234 ter
600 3193 671 3234 voce
685 3175 804 3233 vocavit.

137 3255 242 3316 AEneas
257 3255 370 3332 agnovit
383 3253 468 3330 enim,
482 3253 619 3330 letusque
631 3261 779 3331 precatur:

138 3335 185 3392 Sic
197 3344 276 3412 pater
287 3335 335 3392 ille
349 3333 434 3392 deirm
446 3333 538 3409 faciat,
549 3333 589 3392 sic
604 3333 675 3392 altus
689 3332 803 3410 Apollo,

137 3413 259 3490 Incipias
273 3413 398 3476 conferre
411 3415 543 3470 manum!
952 3483 954 3486 Ι

137 3485 262 3550 'santum'
274 3491 384 3565 effatus,
399 3499 427 3549 et
439 3489 541 3550 infesti
555 3490 631 3548 subit
644 3490 743 3548 obvius
756 3489 855 3548 bustel.v

138 3569 191 3628 Ille
205 3577 314 3628 autem:
337 3569 415 3640 Quid
428 3586 484 3644 me,
498 3578 603 3647 erepto,
618 3569 871 3645 saevissimqnato,

137 3648 260 3706 Terres?
280 3646 342 3705 baec
355 3648 402 3704 via
414 3647 474 3712 sola
485 3647 538 3706 tuit
550 3647 606 3724 qud
619 3649 737 3724 perdere
750 3667 864 3724 posses:
888 3683 891 3694 ‹

137 3727 168 3786 N
169 3747 202 3785 ec
215 3735 332 3784 mortem
346 3725 502 3801 horremus,
516 3743 569 3784 nee
583 3725 679 3783 divium
692 3727 833 3802 parcimus
845 3726 906 3784 ulli.

137 3805 264 3866 Desine:
287 3808 341 3861 'am
354 3805 438 3862 venio
452 3805 615 3878 moriturus,
625 3811 654 3861 et
666 3804 727 3862 bec
740 3803 792 3862 tibi
804 3811 884 3881 porto
940 3843 944 3849 1

137 3881 223 3944 Dona
233 3885 319 3962 prius.
360 3881 451 3960 Dixit,
466 3881 608 3958 telumque
621 3882 730 3940 intorsit
742 3883 772 3940 in
785 3885 913 3941 bostem:

1274 2543 1279 2553 -
1270 2294 1280 2361 -ν--
1271 2242 1279 2259 ;
1270 2048 1285 2213 ,-.-=.-—?—,-
1276 2010 1288 2026 <-
1277 1866 1289 1980 ,,.-,,,
1277 1822 1279 1833 -
1277 1763 1279 1771 ,
1271 1702 1275 1721 -
1271 1632 1274 1649 -
1271 1524 1281 1575 ⁷.
1271 1406 1275 1463 x--

1311 2516 1313 2524 -
1300 2356 1314 2480 1-7--1
1292 2135 1312 2333 ins-“⁶55
1283 1908 1314 2124 ..v-vs-v-m*
1302 1837 1314 1858 φ
1298 1773 1313 1796 1
1297 1657 1314 1716 D.
1305 1355 1311 1366 -

1270 2732 1274 2771 -..
1270 2608 1281 2708 ,-===->
1270 2551 1275 2575 ..
1270 1724 1279 1745 ,-
1278 1494 1280 1500 ,
1276 1373 1277 1376 „
1277 1248 1286 1294 Ἧι,
1278 1156 1290 1212 -T‘
1277 1000 1289 1079 -⁴:
1270 906 1289 965 -<-
1276 838 1279 865 ..-
1277 668 1291 787 --—-<
1280 556 1288 607 ’,-
1267 378 1284 471 ··--.-.
1282 225 1287 232 ,
1283 112 1291 129 -

1336 2781 1337 2818 ᾼᾼ
1336 2687 1337 2696 ᾼ
1310 2641 1337 2654 ἶ
1310 2589 1337 2607 Ἀ
1336 2517 1337 2536 „⁴
1313 2101 1337 2476 Άᾼμὶὶὶᾈᾼᾏμ
1315 1265 1337 2072 m-x-*uLss-ssnssmsss*
1302 1029 1311 1058 ἡ
1336 877 1337 888 ᾼ
1336 687 1337 818 ᾼμᾼᾼᾼ
1304 491 1337 644 ‘'xxx—⁴
1311 411 1337 452 ‘j
1336 335 1337 362 μ
1336 263 1337 278 ᾼ
1326 218 1331 227 -
