2712 4488
525 453 638 509 ursus
657 453 691 509 x.
760 425 763 446 ¹

130 601 227 672 Quam
241 603 352 661 medius
364 603 504 662 Rhoetcus
518 603 668 680 intercipit,
684 603 789 681 optime
803 603 939 680 Teuthra,

130 680 175 737 Te
189 680 301 756 fugiens
314 681 482 757 fratremque
496 681 611 756 Tyren;
633 700 772 758 curruque
784 680 897 740 volutus

129 758 226 816 Caedit
240 759 411 817 semianimis
424 759 598 818 Rutulorum
611 759 736 817 calcibus
751 779 823 818 arva.

23 867 26 876 ‹
68 873 69 880 κ
128 837 173 893 Ac
187 837 268 894 velut
281 835 375 914 optati)
389 838 481 896 ventis
495 845 592 895 aestate
606 839 708 894 coortis

128 915 269 992 Dispersa
281 916 405 975 immittit
418 916 495 973 silvis
508 915 640 972 incendia
652 924 766 992 pastor3

130 993 277 1071 Correptis
291 991 384 1053 subiti)
397 994 508 1067 mediis,
523 993 684 1051 extenditur
697 994 756 1052 und
785 1056 789 1076 Ι

116 1071 255 1130 Horrida
266 1091 317 1151 per
329 1072 400 1130 latos
414 1074 488 1130 acies
502 1071 644 1129 Vulcania
657 1089 792 1149 campos:

130 1149 184 1206 Ille
198 1153 300 1209 sedens
313 1152 402 1210 victor
413 1151 542 1208 flammas
556 1151 700 1226 despectat
713 1157 839 1208 ovantes.

89 1249 91 1254 ·
129 1227 198 1286 Non
213 1229 293 1288 aliter
306 1229 414 1286 sociirm
426 1232 514 1288 virtus
529 1229 587 1286 coit
598 1230 689 1286 omnis
703 1230 732 1286 in
746 1248 846 1304 unum,

49 1311 52 1320 '
128 1306 232 1385 Teque
242 1311 333 1386 juvat,
348 1307 436 1366 Palla.
479 1308 536 1366 Sed
550 1307 632 1364 bellis
646 1326 711 1365 acer
723 1307 851 1364 Halesus

128 1385 237 1444 Tendit
248 1387 278 1444 in
292 1385 433 1460 adversos,
447 1405 534 1462 seque
547 1386 576 1442 in
591 1405 643 1443 sua
655 1385 763 1461 colligit
776 1403 862 1442 arma.
941 1445 948 1458 ,
1006 1453 1009 1464 ¹

128 1464 187 1522 Hic
201 1472 305 1522 mactat
317 1464 443 1539 Ladona,
458 1465 645 1539 Pheretaque,
661 1464 934 1540 Demodocumque:

129 1542 292 1618 Strymonio
306 1541 433 1599 dextram
446 1541 565 1617 fulgenti
579 1542 680 1618 deripit
694 1560 762 1599 ense

127 1621 243 1678 Elatum
256 1620 286 1676 in
295 1619 428 1698 jugulum
439 1639 538 1692 :saxo
551 1619 615 1678 ferit
628 1639 676 1677 ora
689 1618 838 1696 Thoantis,

127 1699 259 1776 Ossaque
273 1699 404 1774 dispersit
416 1699 532 1756 cerebro
545 1698 684 1775 permixta
697 1705 822 1756 cruento.

119 1778 202 1852 vFata
214 1795 319 1834 canens
333 1777 411 1834 silvis
425 1779 534 1852 genitor
547 1776 651 1835 celarat
664 1776 824 1835 Halesum:

128 1855 171 1915 Ut
184 1856 278 1914 senior
289 1855 346 1913 leto
361 1857 491 1915 canentia
504 1856 611 1914 lumina
623 1855 716 1932 solvit,
844 1913 845 1916 ,

127 1931 259 2013 Injecfere
273 1953 388 1991 manum
402 1935 508 2011 Parere,
522 1935 643 2012 telisque
657 1935 804 1994 esurirunt

127 2013 275 2086 Evandri:
297 2032 380 2089 quem
392 2015 433 2072 sic
447 2014 541 2072 Pallas
554 2015 633 2091 petit,
649 2015 713 2072 ante
727 2021 878 2092 precatus:

127 2091 177 2148 Da
189 2111 274 2167 nunc,
290 2090 379 2168 Tybri
391 2101 479 2170 pater,
493 2093 575 2168 ferro,
590 2093 664 2170 quod
678 2093 785 2152 missile
797 2093 880 2169 libro,

127 2170 284 2228 Fortunam
299 2179 384 2248 atque
398 2173 474 2230 viam
487 2172 549 2229 duri
562 2190 614 2248 per
625 2179 725 2248 pectus
739 2172 858 2230 Halesi:
947 2181 948 2186 ’

128 2249 204 2306 Haec
218 2267 294 2306 arma
307 2249 482 2326 exuvimque
495 2251 549 2308 viri
563 2259 612 2307 tua
625 2265 745 2326 quercus
757 2249 880 2308 habebit

127 2327 229 2385 Audiit
241 2327 289 2384 illo
302 2329 372 2386 deus
384 2348 390 2385 :
413 2330 479 2386 dum
494 2328 564 2387 texit
578 2328 695 2386 Imaona
708 2328 841 2402 Halesus,
940 2385 944 2394 ,

127 2406 251 2464 Arcadio
265 2405 364 2465 infelix
378 2408 434 2465 telo
449 2409 496 2465 dat
508 2416 608 2485 pectus
621 2408 768 2466 inermum.
985 2439 987 2444 .
1032 2409 1090 2463 425

168 2486 207 2543 At
219 2503 276 2542 non
289 2487 368 2543 caede
381 2487 434 2544 viri
447 2487 524 2544 tanti:
536 2486 682 2563 perterrita
694 2489 815 2560 Lausus,

128 2563 199 2622 Pars
211 2562 312 2637 ingens
324 2563 402 2639 belli,
417 2565 484 2622 sinit
496 2565 616 2640 agmina.
657 2565 770 2622 Primus
784 2563 923 2621 Abantem

129 2641 299 2718 Oppositum
313 2641 455 2717 interimit,
469 2662 572 2720 pugnae
586 2642 749 2717 nodumque
762 2655 932 2712 moramque·

130 2720 270 2778 Sternitur
282 2719 411 2776 Arcadiae
424 2721 517 2798 proles
528 2739 535 2793 ;
557 2729 717 2778 sternuntur
730 2714 858 2784 Etrusci:
1085 2789 1087 2798 ,

129 2799 171 2856 Et
183 2817 243 2872 vos,
257 2815 274 2853 ο
289 2796 380 2853 Graiis
394 2797 543 2874 imperdita
555 2817 680 2874 corpora,
694 2791 803 2854 Teucri·
970 2813 973 2822 ’
1031 2799 1088 2852 tao

128 2875 253 2951 Agmina
266 2883 435 2932 concurrunt
448 2875 623 2951 ducibusque
637 2883 665 2932 et
677 2867 780 2934 viribus
794 2869 902 2945 aequl⁸2

130 2953 260 3012 Extremi
274 2952 430 3010 addensent
443 2954 537 3026 acies3
557 2957 611 3010 ne'c
624 2952 702 3010 turdo
716 2947 823 3004 moveri

129 3032 203 3090 Tela
215 3049 371 3106 manusque
385 3031 459 3088 sinit.
499 3031 577 3089 Hinc
591 3026 680 3087 Putas
693 3024 779 3082 instat
792 3032 820 3082 et
832 3030 921 3100 urget,
1038 3102 1040 3108 Ι

130 3111 208 3169 Hiuc
221 3106 319 3168 contri
332 3110 453 3184 Lausus,
464 3125 520 3168 nec
533 3105 650 3167 monum
662 3103 803 3179 discrepat
815 3111 891 3179 atas,
954 3120 957 3125 ·
1014 3129 1017 3138 .

130 3188 247 3265 Egregii
259 3187 365 3260 formia3
387 3187 437 3244 sed
450 3189 529 3265 queis
542 3187 650 3244 fortuna
663 3181 778 3257 negirat
1027 3189 1086 3244 4³5

131 3268 165 3325 ln
177 3267 296 3344 patriam
310 3266 422 3324 reditus.
465 3267 542 3344 Ipsos
556 3278 722 3319 concurrere
735 3279 834 3336 passus

19 3377 21 3382 ·
130 3345 216 3404 Haud
230 3353 324 3404 tamen
338 3345 412 3404 inter
425 3362 455 3402 se
468 3340 559 3416 ungui
572 3347 702 3415 regnator
716 3338 855 3417 Olympi:

131 3423 203 3480 Mox
215 3424 279 3481 illos
292 3441 343 3481 sua
354 3423 410 3481 fata
423 3426 536 3480 manent
549 3421 654 3496 majore
669 3417 720 3476 sub
733 3416 823 3476 hoste.
918 3453 921 3458 -

169 3501 280 3559 Interea
293 3519 368 3559 soror
381 3501 452 3558 alma
464 3504 560 3554 monet
571 3515 733 3554 succurrere
747 3496 840 3555 Lauso

131 3579 271 3654 Turnum,
285 3575 450 3654 quivolucri
463 3593 545 3633 curru
558 3574 683 3631 medium
696 3582 773 3632 accat
785 3593 894 3652 agmen.
1025 3579 1082 3634 440
1113 3587 1114 3590 ’

131 3657 172 3719 Ut
184 3656 255 3716 vidit
267 3655 356 3716 socios
369 3675 375 3713 :
397 3653 523 3728 Tempus
537 3651 669 3709 desistere
681 3671 783 3728 pugnae
796 3673 803 3710 :

132 3736 214 3794 Solus
228 3754 280 3811 ego
291 3733 319 3792 in
332 3731 459 3790 Pallanta
470 3731 544 3788 feror
552 3749 563 3801 ;r
582 3729 634 3786 soli
646 3729 715 3802 mihi
729 3730 822 3788 Pallas

130 3815 259 3872 Debetur
270 3815 429 3886 :cuperem
442 3808 502 3885 ipse
515 3825 615 3885 parens
630 3816 767 3883 spectator
780 3808 897 3866 adesset.

130 3892 203 3950 Hoec
217 3891 269 3962 ait3
292 3897 320 3946 et
333 3887 402 3946 socii
415 3893 559 3943 cesserunt
572 3903 682 3962 aequore
691 3887 779 3963 jusso.

68 3951 78 3974 ⁵
129 3971 169 4030 At
180 3967 317 4028 Rutulfrm
332 3966 462 4024 abscessu
472 3963 594 4042 juvenis,
608 3971 668 4022 tum
677 3966 758 4042 jussa
770 3960 890 4040 superba
1023 3969 1080 4024 445
