2712 4488
471 612 473 618 Α
506 528 618 587 mann
636 529 712 588 v111.
1038 533 1091 590 ara

135 678 229 754 Atque
242 677 305 755 bos,
319 695 356 737 ne
366 697 426 756 qua
437 679 529 739 forent
540 680 660 758 pedibus
673 682 793 758 vestigia
805 683 898 761 rectis,

135 755 236 814 Caudi
247 757 278 814 in
292 757 454 834 speluncam
467 767 578 835 tractos,
591 760 737 838 versisque
748 763 858 820 viarum
1032 767 1089 821 ulo

65 861 67 870 ι
136 832 253 892 Iudiciis
266 843 367 913 ruptos,
382 855 449 895 ssxo
463 838 621 897 occultabat
633 857 704 916 opac
725 881 731 896 .
820 867 822 870 ·

137 911 283 982 Querenti
296 914 373 972 nulla
386 915 421 972 ad
434 915 598 992 speluncam
612 917 692 993 signa
704 859 839 976 lerebant·
927 963 934 977 r

137 989 256 1066 luteres,
271 1012 356 1069 quum
365 995 425 1071 jam
439 992 554 1052 stabulis
567 1003 686 1054 saturata
699 1004 826 1054 moveret

135 1069 402 1148 Amphitryoniades
415 1080 549 1148 mmeuts,
564 1074 728 1150 abitumque
740 1079 860 1152 pararet,
924 1093 927 1109 ¹
1011 1143 1013 1146 .

136 1146 270 1206 Discessu
283 1150 393 1226 mugire
406 1148 502 1227 boves,
517 1159 599 1228 atque
612 1171 696 1210 omne
709 1153 830 1230 querelis

135 1224 251 1303 Impleri
263 1247 373 1304 neruus,
387 1235 416 1286 et
429 1229 515 1288 colles
526 1229 650 1288 clamore
662 1231 792 1308 relinqui.

134 1304 271 1364 Reddidit
283 1326 340 1365 uua
352 1306 439 1366 boum
451 1325 560 1382 vocem,
573 1317 708 1386 vastoque
721 1309 774 1368 sub
788 1316 867 1368 anuo

134 1381 251 1458 Mugiit,
265 1392 294 1443 et
307 1385 379 1444 Caci
392 1405 472 1462 spem
486 1387 624 1446 custodita
636 1387 742 1446 fefellit.

134 1458 272 1519 Hic-verb
285 1463 394 1522 Alcide
407 1464 487 1522 furiis
500 1473 640 1523 exarserat
653 1474 711 1524 atro
850 1470 851 1476 ’
973 1532 975 1538 ,

134 1538 215 1598 Felle
228 1540 325 1598 dolor:
346 1541 419 1617 rapit
431 1560 508 1599 arma
520 1560 614 1619 manu,
627 1543 766 1619 nodisque
779 1550 923 1618 gravatum

133 1615 243 1692 Robur,
257 1626 294 1677 et.
299 1618 407 1677 etherii
419 1638 501 1677 cursu
513 1621 584 1696 petit
596 1621 682 1679 ardua
694 1621 806 1678 montis.

134 1695 209 1753 Tum
222 1693 344 1772 primirm
357 1697 445 1755 nostri
458 1698 566 1757 Cacum
578 1696 677 1756 videre
689 1698 845 1776 timentem,

133 1772 348 1852 Turbatumque
361 1775 458 1848 oculis.
499 1776 584 1852 Fugit
596 1776 674 1836 ilicet
686 1777 764 1835 ocior
776 1796 853 1854 euro,

49 1867 52 1874 ⁴
135 1851 361 1930 speluncamque
374 1853 461 1931 petit:
481 1855 600 1932 pedibus
613 1855 696 1914 timor
710 1857 817 1916 addidit
829 1856 907 1935 alasa
928 1887 935 1904 ι

133 1930 174 1990 Ut
182 1949 249 2000 ¹sese
261 1931 385 2008 inclusit,
399 1933 542 2011 ruptisque
555 1934 680 1994 immane
692 1935 799 1993 catenis
812 1992 815 2000 ,
852 1943 856 1962 ”
957 1980 960 1988 .

132 2009 246 2087 Dejecit
259 2027 369 2084 saxum,
382 2011 455 2066 ferro
467 2012 542 2086 quod
551 2021 584 2069 'et
596 2016 654 2066 crte
666 2013 782 2086 paterna

132 2086 287 2163 Pendebat,
301 2087 442 2164 lultpsque
455 2090 575 2145 emuniit
587 2086 668 2145 obice
680 2094 794 2165 postes3
826 2106 866 2134 ¹·
934 2121 936 2128 ›
983 2135 986 2142 .

132 2165 212 2223 Ecce
225 2165 322 2223 iureus
336 2158 436 2223 animis
449 2165 544 2224 aderat
556 2165 731 2242 Tirynthius,
746 2180 915 2244 omnemque

132 2244 289 2302 Accessum
301 2244 431 2320 lustrans,
444 2243 501 2303 huc
513 2263 563 2302 ors
574 2241 681 2304 ferebat
694 2253 724 2303 et
735 2243 812 2320 illuc,

133 2321 273 2381 Dentibus
285 2322 457 2388 infrendens.
497 2323 557 2381 Ter
569 2331 659 2382 totum
672 2323 795 2383 fervidus
807 2321 849 2381 irc

132 2401 245 2460 Lustrat
257 2401 392 2460 Aventini
405 2409 529 2460 montem
540 2421 548 2475 ;
570 2409 613 2460 ter
624 2421 710 2460 saxea
723 2409 813 2462 teutut

132 2479 244 2538 Limina
256 2479 466 2556 nequidquam3
487 2487 530 2538 ter
542 2481 632 2539 lessus
644 2481 717 2549 valle
731 2479 843 2538 resedit.

133 2557 231 2617 Stabat
243 2565 324 2616 acuta
336 2558 418 2633 silex,
431 2559 558 2636 prtecisis
569 2560 695 2635 undique
708 2560 794 2636 saxis,

133 2636 282 2713 Spelunca
296 2636 378 2694 dorso
391 2637 548 2713 insurgens,
563 2636 696 2695 altissima
707 2639 780 2713 visu,

131 2715 264 2773 Dirarum
276 2715 350 2772 nidis
364 2716 463 2773 domus
476 2727 633 2790 opportuna
644 2716 799 2774 volucrum.
870 2749 874 2758 ·

131 2793 224 2867 Hunc,
239 2801 270 2850 ut
282 2811 369 2868 prona
378 2795 448 2870 Jugo
460 2793 564 2850 laevum
575 2792 757 2851 incumbebat
770 2793 805 2850 ad
818 2809 941 2866 amnem,

131 2871 241 2928 Dexter
254 2871 283 2927 in
298 2871 445 2928 adversum
459 2871 552 2928 nitens
565 2871 714 2944 concussit,
729 2878 758 2928 et
769 2869 835 2928 imis
876 2896 892 2928 t
920 2917 922 2926 ,
991 2912 995 2918 .

130 2948 267 3006 Avulsam
281 2947 534 3024 solvitrodicibus3
554 2947 621 3005 iude
633 2943 750 3025 repenti}
810 2981 827 3009 ι»

132 3026 259 3104 impulit,¹
272 3007 396 3103 impulsu
409 3046 466 3102 quo
479 3026 620 3084 maximus
633 3026 745 3082 insonat
758 3025 864 3083 aether:

78 3115 86 3130 ·
132 3104 290 3164 Dissultunt
302 3105 381 3182 ripe,
395 3105 542 3180 refluitque
556 3104 703 3163 exterritus
717 3102 816 3160 amnis.

132 3186 171 3242 At
183 3202 285 3260 specus
298 3191 328 3242 et
340 3183 410 3241 Caci
423 3183 535 3242 detecta
548 3181 673 3260 apparuit
684 3182 786 3256 iugens

57 3261 61 3268 ’
131 3264 233 3339 Regia,
248 3270 276 3321 et
289 3261 427 3321 umbrosae
439 3257 553 3338 penitius
564 3259 680 3338 patuire
694 3277 841 3319 cavernas:

132 3343 198 3401 Non
214 3339 295 3401 rectis
309 3360 341 3400 ac
355 3340 380 3398 si
392 3341 448 3417 qui
460 3335 573 3418 penitus
585 3341 614 3397 vi
626 3347 700 3397 terra
713 3337 863 3397 dehiscens

134 3420 260 3478 Infernas
273 3427 378 3478 reseret
392 3420 483 3495 sedes,
498 3427 527 3478 et
540 3437 624 3494 regua
636 3418 762 3477 recludat

132 3498 250 3572 Pallida,
265 3497 309 3556 dis
322 3498 422 3573 iuvius,
436 3495 577 3577 superque
590 3498 714 3555 immane
726 3493 889 3553 barathrum

133 3578 281 3651 Cerustur,
295 3576 436 3652 trepident
448 3575 579 3634 immisso
587 3575 695 3633 lumine
709 3575 820 3632 Manes

133 3655 210 3730 Ergo
224 3654 364 3730 inspersu
378 3654 547 3732 deprensum
560 3653 589 3710 iu
602 3653 667 3711 luce
680 3647 807 3728 repente,

134 3733 334 3808 Inclusumque
347 3750 416 3791 cavo
430 3751 507 3807 saxo,
521 3739 604 3808 atque
617 3730 728 3788 insueta
740 3731 898 3804 rudentem,

133 3813 268 3888 Desuper
280 3810 395 3868 Alcides
408 3811 470 3868 telis
483 3809 594 3888 premit,
608 3809 758 3885 omniaque
772 3826 848 3866 arma

132 3891 271 3964 Advocst,
285 3897 314 3947 et
327 3887 411 3945 ramis
423 3889 564 3962 vastisque
577 3886 729 3945 molaribus
741 3886 834 3945 instat.

135 3968 189 4027 lllc
202 3975 305 4042 autem,
319 3984 412 4042 neque
425 3967 500 4023 euim
514 3965 580 4041 iuga
587 3967 649 4042 jem
663 3961 748 4041 super
759 3963 818 4021 ulla
829 3960 937 4040 pericli,

133 4046 276 4107 Faucibus
289 4046 433 4121 ingentem
446 4043 562 4119 buum,
575 4042 704 4102 mirabile
717 4041 803 4117 dictu,
