2712 4488
527 515 639 582 LIBER
658 515 707 570 xl.
768 508 772 516 ’

124 661 260 738 Pro‘icis,
275 681 293 720 o
307 663 389 722 Latio
403 671 487 742 caput
499 663 601 722 horum
615 672 644 723 et
656 682 743 723 causa
755 665 915 726 melorum?

124 740 178 798 Nu
191 739 220 798 la
233 741 311 798 salus
324 741 418 801 bello:
439 761 539 820 pacem
553 750 581 800 te
595 744 738 820 poscimus
751 762 861 820 omnes,

124 818 237 894 Turne,
252 819 338 883 simul
351 820 430 896 pacis
443 821 533 879 solum
547 821 711 880 inviolabile
724 821 835 899 pignus.

124 897 242 958 Primus
257 917 321 974 ego,
334 899 456 958 invisum
470 917 555 976 quem
569 908 599 957 tu
613 899 665 956 tibi
679 899 772 976 fingis,
785 908 815 959 et
828 920 891 961 esse
938 938 939 942 =

125 977 178 1035 Nil
193 995 300 1052 moror,
315 996 351 1036 en
365 978 488 1056 supplex
499 978 603 1036 venio:
623 978 759 1042 miserete
772 986 904 1054 tuorum3
1039 987 1095 1041 365

124 1055 209 1113 Pone
224 1056 343 1131 animos,
358 1064 387 1114 et
398 1057 496 1134 pulsus
509 1051 564 1114 abi.
606 1056 656 1116 Sat
669 1057 768 1118 sunere
780 1057 837 1118 lusi

125 1134 275 1209 Vidimus,
288 1135 418 1211 ingentes
432 1144 461 1194 et
473 1134 663 1194 desolavimus
677 1155 766 1212 agros.
834 1185 838 1190 ,

124 1215 196 1289 Aut,
212 1213 237 1271 si
250 1213 327 1272 lama
339 1222 444 1289 movet,
459 1213 484 1272 si
497 1221 606 1272 tantum
618 1222 738 1290 pectore
746 1213 832 1274 robur
864 1269 868 1276 .

125 1293 274 1370 Concipit,
289 1300 318 1351 et
331 1293 355 1350 si
368 1289 440 1352 adeo
455 1293 556 1353 dotslis
570 1291 647 1369 regia
660 1293 737 1352 cordi
751 1300 803 1370 cst,

125 1373 222 1446 dude,
238 1380 322 1448 atque
335 1371 484 1430 adversum
499 1371 590 1430 fidens
603 1371 645 1429 ser
657 1379 755 1448 pectus
768 1372 799 1430 in
812 1373 932 1455 hostem.
1035 1377 1093 1432 370

8 1452 11 1463 “
127 1449 255 1526 Scilicet,
266 1455 302 1508 'ut
315 1451 413 1508 Turno
426 1450 571 1526 contingat
583 1449 660 1524 regis
673 1452 789 1529 conjux,

124 1529 155 1588 N
157 1549 199 1604 os,
215 1529 318 1587 animas
330 1528 411 1603 viles,
425 1529 572 1586 inhumata
584 1527 736 1604 infletaque
748 1529 838 1604 turba,

126 1609 294 1666 Sternamur
307 1606 431 1684 campis!
472 1607 512 1665 Et
521 1609 582 1685 jam
595 1615 636 1682 tu,
650 1606 674 1664 si
687 1626 743 1683 qua
755 1607 807 1665 tibi
820 1608 886 1683 vis,

127 1687 159 1745 Si
173 1686 258 1763 patrii
272 1686 339 1763 quid
352 1685 453 1744 Martis
466 1685 565 1761 babes,
578 1685 659 1744 illum
674 1685 787 1763 adspice
801 1684 899 1746 contri

126 1765 187 1836 Qui
200 1773 293 1823 vocat.
407 1778 408 1782 ’
965 1805 967 1810 -
1034 1769 1091 1824 375

165 1839 287 1902 Talibus
300 1843 405 1902 exarsit
417 1844 499 1903 dictis
512 1844 773 1917 violentia'Tumi3
823 1859 828 1868 '

125 1923 187 1982 Dat
199 1923 347 1999 gemitum,
361 1923 521 2000 rumpitque
535 1923 586 1982 has
599 1923 659 1982 imo
671 1933 786 2000 pectore
799 1941 903 1982 voces:

125 2002 221 2077 Larga
234 2002 358 2077 quidem,
373 2002 496 2077 Drance,
511 2021 624 2078 semper
636 2002 688 2060 tibi
701 2001 882 2078 copulandi,
958 2056 963 2070 ,

125 2081 203 2140 Tum
218 2098 304 2157 quum
318 2079 394 2138 bella
406 2099 506 2142 manus
519 2088 660 2158 poscunt,
681 2080 864 2158 patribusque
878 2083 985 2140 vocatis

125 2159 241 2218 Primus
255 2159 330 2218 ades.
373 2159 431 2218 Sed
443 2179 501 2218 nou
513 2159 650 2238 replenda
663 2168 707 2218 est
718 2159 797 2218 curia
808 2159 912 2236 verbis,
1033 2163 1091 2218 380

127 2237 203 2312 Quae
216 2234 276 2297 tutd
290 2237 343 2296 tibi
354 2257 458 2315 magna
468 2238 566 2298 volant
579 2235 646 2296 dur'n
660 2238 775 2298 distinet
787 2239 899 2298 hostem
933 2294 935 2300 ,

125 2321 224 2394 Agger
238 2323 389 2393 murorum,
404 2329 458 2376 n'ec
470 2318 610 2377 inundant
621 2317 758 2394 'sanguine
771 2317 862 2376 fossae.

125 2397 252 2456 Proinde
265 2405 334 2456 tona
347 2397 469 2474 eloquio,
483 2397 596 2456 solitum
609 2397 680 2470 tibi;
701 2415 804 2474 meque
817 2396 924 2456 timoris

124 2478 224 2552 Argue
237 2475 414 2552 tu,Drdnce,
429 2477 597 2554 quand0‚,t0t
610 2476 709 2552 stragis
723 2494 837 2534 acervos

125 2555 304 2614 Teucrorum
318 2562 367 2614 tua
380 2557 479 2614 dextra
492 2556 578 2630 dedit,
592 2556 753 2632 passimque
767 2555 880 2634 tropreis
922 2623 924 2628 ¹
996 2617 1000 2625 ,
1034 2557 1091 2612 385

64 2639 82 2690 “.
126 2633 253 2710 Insignis
266 2653 355 2710 agros.
396 2623 491 2694 Possit
503 2635 571 2710 quid
585 2635 681 2693 vivida
693 2635 782 2692 virtus

6 2712 10 2733 ¹
126 2713 284 2789 Experiere
297 2713 384 2771 licet:
405 2733 459 2772 nec
472 2709 556 2789 longi
572 2713 681 2773 scilieet
693 2713 789 2772 hostes

128 2791 286 2863 Querendi
300 2791 398 2864 nobis3
420 2792 601 2850 circumstant
613 2791 740 2867 undique
754 2809 859 2850 muros.

127 2870 207 2928 Imus
220 2869 249 2927 in
265 2869 418 2934 adversos?
459 2869 537 2940 Quid
551 2871 667 2926 cessas?
688 2889 723 2926 an
737 2868 789 2927 tibi
802 2869 919 2926 Mavors

126 2948 257 3008 Ventosi
270 2948 304 3022 in
313 2948 410 3024 lingui
423 2947 600 3024 pedibusque
613 2945 759 3022 fugacibus
771 2946 833 3006 istis
1036 2949 1093 3002 390

128 3029 251 3105 Semper
262 3027 335 3085 erit?
429 3041 431 3048 ·
692 3023 697 3038 “
756 3025 758 3030 ’
890 3077 892 3084 ⁴
1058 3081 1060 3088 ,
1109 3083 1112 3090 ,

127 3107 231 3166 Pulsus
244 3107 315 3181 ego!
338 3112 386 3164 aut
398 3104 546 3182 quisquam
559 3100 674 3178 meritb,
684 3102 851 3178 loedissime,
863 3101 976 3180 pulsum

128 3187 245 3263 Arguet,
261 3185 348 3244 llieco
362 3183 502 3242 tumidum
515 3183 565 3260 qui
578 3201 706 3241 crescere
720 3181 839 3258 Tybrirn

3 3237 22 3288 l·
130 3265 283 3342 Sanguine,
297 3272 327 3322 et
339 3263 468 3322 Evandri
480 3270 567 3322 totam
580 3281 645 3320 cum
659 3262 745 3339 stirpe
758 3258 867 3319 videbit

128 3343 317 3403 Procubuisse
331 3343 460 3418 domum,
474 3349 558 3420 atque
572 3348 672 3406 exutos
685 3340 811 3398 Arcadas
826 3337 947 3466 armiql,
1036 3341 1093 3395 395

129 3422 215 3481 Haud
228 3423 267 3482 ita
279 3441 326 3482 me
338 3421 449 3512 expgru‘
463 3421 553 3480 Bitias
567 3427 595 3479 et
607 3420 753 3479 Pandarus
767 3418 877 3494 ingens,
905 3481 907 3495 ,
920 3429 954 3464 aa.
962 3413 999 3463 ’ί

128 3501 169 3559 Et
182 3521 251 3578 quos
265 3501 342 3558 mille
356 3501 403 3559 die
416 3501 506 3560 victor
519 3499 571 3558 sub
585 3501 704 3558 Tartara
715 3497 790 3574 miri,
894 3499 903 3520 ‘¹

129 3578 259 3638 inclusus
273 3579 370 3653 muris,
384 3579 538 3657 hostilique
552 3585 770 3654 aggereseptqs.

129 3658 219 3718 Nulla
232 3657 306 3716 salus
318 3657 411 3716 bello!
453 3658 549 3735 Capiti
562 3675 633 3716 cane
646 3657 714 3715 talia
724 3657 845 3716 demens
884 3723 886 3728 ,

129 3737 274 3796 Dardanio
287 3735 427 3813 rebusque
441 3737 506 3794 tuit.
547 3735 671 3794 Proinde
686 3735 781 3794 omnia
792 3751 897 3809 magno
1035 3734 1092 3790 400

128 3816 160 3876 N
161 3835 177 3874 e
191 3835 271 3874 cessa
282 3813 394 3873 turbare
409 3823 496 3890 metu,
511 3821 595 3890 atque
610 3813 747 3873 extollere
759 3813 834 3872 vires

130 3896 231 3954 Gentis
243 3894 288 3952 bis
300 3893 394 3967 victe,
409 3891 506 3951 coutrd
518 3911 646 3969 premere
661 3912 737 3950 arma
751 3890 854 3951 Latini.

130 3973 217 4032 Nunc
230 3967 259 4032 et
271 3973 485 4049 Myrmidonum
498 3988 630 4049 proceres
643 3969 768 4045 Phrygia
781 3988 857 4026 arms
871 3963 1046 4040 tremiscunt,

129 4054 217 4115 Nunc
231 4061 260 4112 et
273 4051 409 4130 Tydides,
425 4059 453 4110 et
467 4051 619 4108 Larissaeus
634 4049 779 4108 Achilles:
