2712 4488
206 537 260 604 tot
612 541 790 598 ιιιιιιιιιοε

208 699 310 772 Quive
323 715 354 756 ae
373 697 445 756 uarl
466 695 579 754 ltureuo
591 693 760 772 perplexum
773 693 827 752 iter
840 711 925 753 omne
938 695 1088 755 revolvem

207 777 330 838 Fullacic
343 717 432 850 alvu,
446 773 530 832 simul
544 780 573 831 ct
584 772 704 849 vestigia
716 779 790 831 retro

207 855 362 916 Obeervtta
374 853 452 930 legit,
466 851 616 928 dumisque
629 850 777 910 silentibus
790 858 871 910 errat.

206 930 295 994 Audit
307 952 405 1011 equos,
419 931 497 990 audit
510 931 641 1007 strepitus
655 937 683 987 et
695 930 777 1006 rigon
789 930 969 1007 oequeutrim.

205 1013 270 1074 Nec
283 1013 399 1088 longum
412 1010 441 1068 in
455 1010 550 1067 medio
563 1018 686 1086 tempor,
699 1025 788 1084 quum
801 1009 910 1068 clamor
920 1011 957 1067 ad
970 1027 1051 1068 auree
1109 1015 1168 1070 aab

206 1091 350 1166 Pervenit,
364 1108 397 1148 ac
410 1088 490 1147 videt
503 1087 670 1164 Euryalum,
683 1105 769 1164 quem
778 1089 839 1166 jam
853 1107 953 1147 manue
967 1087 1069 1165 omnir,

205 1169 317 1230 Fraude
329 1169 386 1227 loci
398 1175 427 1225 et
439 1167 539 1242 noctis,
554 1165 647 1223 cubito
657 1165 787 1224 turbante
800 1166 932 1242 tumultu,

205 1248 378 1342 Oppressum
392 1245 464 1322 rapit
477 1252 506 1303 et
519 1252 669 1303 conantem
682 1245 804 1324 plurima
816 1244 924 1303 frustra.
966 1233 984 1252 ⁸

205 1324 283 1399 Quid
296 1326 401 1384 iaciat?
421 1324 477 1401 qut
489 1324 518 1381 vi
527 1327 673 1403 juvenem,
687 1323 789 1400 quibus
802 1324 904 1382 audeat
917 1324 1002 1382 armia

204 1406 346 1482 Eripere?
366 1421 402 1461 an
415 1419 478 1459 aeae
491 1403 600 1461 medios
614 1403 762 1460 moriturus
774 1401 804 1459 in
818 1421 901 1461 enaea
1106 1408 1165 1462 too

204 1483 318 1559 luserat,
332 1490 361 1541 et
372 1480 518 1560 pulchram
532 1501 582 1560 pro
603 1488 663 1539 eret
673 1499 725 1558 per
737 1481 855 1541 vulnera
867 1483 1008 1541 mortem?

204 1559 292 1622 Ocide
305 1561 426 1619 udducto
439 1567 572 1637 torquens
583 1501 687 1618 luetile
700 1560 815 1634 lacerto,

205 1640 365 1719 Suspicieua
379 1640 463 1698 altam
476 1639 583 1716 lunam,
597 1639 638 1698 eic
651 1657 722 1698 voce
735 1647 882 1716 precator:

203 1717 258 1795 lu,
272 1719 334 1794 dea,
348 1726 379 1777 tu
392 1735 518 1795 presens
531 1727 626 1776 nostru
640 1736 773 1777 succurre
785 1717 884 1794 labori,

202 1801 348 1857 Astrorum
360 1798 457 1871 decus,
471 1804 500 1854 et
513 1815 659 1854 nemorum
673 1797 793 1854 Latonia
805 1805 908 1855 cuatus.
1104 1801 1164 1856 400
1224 1809 1229 1818 ·
1248 1783 1266 1794 “

204 1875 235 1934 si
247 1896 304 1955 quo
316 1876 371 1935 tuia
384 1893 510 1953 unquam
518 1893 569 1952 pro
583 1893 630 1933 me
641 1883 721 1952 pater
735 1875 764 1932 H
843 1893 877 1933 ua
890 1875 944 1933 ario

202 1955 287 2013 Dona
299 1954 381 2028 tulit,
403 1955 426 2012 ei
440 1973 496 2030 qua
508 1953 569 2031 ipae
582 1955 654 2012 meis
666 1955 761 2012 venati
783 1971 815 2010 us
829 1953 904 2028 auxi,

204 2033 384 2111 suspendive
397 2032 484 2109 tholo,
500 2042 547 2092 aut
560 2050 639 2092 sucro
652 2032 686 2090 ad
699 2033 810 2108 lastigie
822 2033 891 2104 fixi3

189 2161 190 2168 ,
203 2111 290 2171 Hunc
304 2112 365 2171 aine
378 2130 426 2170 me
438 2113 549 2170 turbare
563 2111 688 2189 globum,
702 2120 732 2171 et
744 2131 810 2188 rege
823 2111 880 2170 tela
891 2129 943 2189 per
956 2129 1044 2170 aurae.

201 2191 339 2264 Dixerat5
361 2199 390 2250 et
401 2197 460 2251 toto
474 2192 612 2249 connixus
626 2209 743 2268 corpore
756 2191 859 2249 ferrum
1103 2195 1161 2250 410

202 2269 343 2347 CouJicit:
364 2269 444 2327 basta
456 2270 554 2327 volans
568 2269 658 2328 noctis
674 2269 832 2329 diverberet
844 2269 967 2345 umbrae,

202 2347 243 2406 Et
254 2348 333 2407 venit
346 2347 436 2405 aversi
448 2347 478 2404 in
491 2355 602 2423 tergum
617 2348 768 2422 Sulmonis,
782 2347 879 2425 ibique

202 2425 360 2501 Frangitur,
374 2443 407 2484 ac
420 2425 486 2482 fisso
499 2426 597 2484 transit
608 2427 763 2502 praecordia
775 2426 860 2502 ligno.

202 2501 333 2562 Volvitur
344 2503 393 2560 ille
406 2521 524 2561 vomens
538 2504 662 2561 calidum
675 2504 711 2561 de
724 2512 840 2580 pectore
853 2504 961 2562 flumen

202 2581 342 2658 Frigidus,
356 2589 386 2640 et
397 2581 488 2657 longis
503 2581 670 2657 singultibus
682 2581 731 2639 ilia
743 2581 844 2658 pulsat
1102 2589 1160 2644 415

201 2660 315 2719 Diversi
329 2660 566 2737 circumspiciunt.
608 2659 673 2718 Hoc
688 2661 867 2720 acrioridem
1162 2680 1164 2686 ’

202 2738 282 2798 Ecce
296 2740 371 2798 aliud
384 2740 496 2798 oummt
509 2738 595 2798 telum
609 2737 729 2798 librabat
741 2739 776 2797 ab
791 2757 856 2798 aure
869 2757 875 2796 :

201 2819 279 2878 Dum
292 2819 440 2896 trepident,
454 2819 487 2877 iit
498 2818 578 2877 hasta
591 2819 671 2896 Tago
684 2837 735 2896 per
747 2827 860 2897 tempus
873 2826 1033 2898 utrumque,

203 2897 338 2975 Stridens,
352 2901 524 2976 tro'ectoque
536 2897 620 2956 hesit
631 2897 771 2976 tepefacta
784 2898 907 2957 cerebro.

203 2977 291 3036 Saevit
303 2986 382 3037 atrox
423 2978 544 3053 olsccne,
558 2995 611 3036 nec
624 2977 673 3036 teli
686 2977 824 3054 conspicit
836 2995 954 3055 mquam
1099 2983 1157 3038 tac

201 3058 362 3133 Auctorem,
376 3075 430 3115 uec
442 3055 499 3133 qud
513 3075 544 3115 ee
557 3058 658 3114 ardena
670 3057 821 3115 immittere
833 3057 940 3134 poscit:

201 3134 248 3192 Tu
261 3143 356 3193 tamen
369 3135 477 3194 interea
489 3135 581 3193 calido
595 3135 666 3193 mibi
679 3135 815 3212 sauguine
828 3153 927 3212 poenm

200 3211 348 3271 Persolvea
362 3213 517 3288 amborum,
530 3213 628 3289 inquit.
671 3213 760 3271 Simul
774 3231 842 3272 enee
854 3213 965 3271 recluso

201 3285 264 3347 lbet
276 3289 306 3347 in
320 3291 365 3347 Eu
400 3290 485 3347 alum.
526 3291 603 3348 'l'um
616 3286 683 3347 verb
698 3292 855 3365 extenitm,
870 3307 977 3367 amem,

201 3365 367 3425 Conclamat
410 3367 486 3439 iaue3
507 3385 560 3425 nec
574 3386 605 3425 ae
618 3367 709 3424 celare
722 3368 844 3425 tenebrir
1098 3372 1155 3428 426

199 3440 339 3520 Amplius,
354 3451 401 3502 aut
413 3451 521 3502 tautum
532 3444 625 3579 Ροιιιίι
636 3443 758 3520 perferre
771 3445 895 3502 dolorem
907 3464 915 3502 t

200 3520 261 3595 Me,
275 3538 339 3594 me;
360 3521 457 3579 adeum
471 3522 519 3599 qui
543 3522 605 3596 eci;
625 3522 655 3578 in
669 3540 715 3580 me
727 3522 881 3581 convertite
894 3523 1006 3598 terrum,

201 3597 227 3658 Ο
240 3598 340 3658 Rutuli
351 3618 359 3671 ;
380 3614 444 3657 mea
456 3600 530 3658 frons
544 3600 653 3658 omnic:
673 3601 744 3659 nibil
757 3601 811 3660 iste
822 3619 877 3660 uec
890 3619 984 3678 amna,

200 3677 265 3738 Nec
277 3677 385 3772 potuit3
407 3677 509 3736 coelum
522 3677 577 3736 boc
590 3686 619 3737 et
631 3680 745 3738 conscia
757 3679 848 3738 sidera
860 3687 963 3743 testor:

200 3757 323 3816 Tectum
336 3754 479 3814 infelicem
492 3753 611 3815 nimidm
624 3757 724 3817 dilexit
736 3759 866 3817 amicum.

200 3835 282 3894 Talia
295 3834 369 3894 dicta
381 3834 481 3908 dabat3
502 3833 552 3892 sed
564 3835 670 3895 viribus
683 3838 758 3896 enula
771 3837 885 3897 adactus

200 3912 360 3972 Tronaabiit
372 3920 472 3988 costae,
485 3920 515 3971 et
527 3913 646 3972 candida
656 3922 770 3991 pectora
782 3916 893 3993 rumpit.

200 3989 331 4049 Volvitur
343 3991 484 4068 Euryelos
496 3989 562 4065 leto,
575 3991 762 4068 pulchrosque
774 4011 825 4068 per
836 4002 912 4052 artua

199 4064 228 4127 lt
238 4085 329 4144 cruor,
342 4069 428 4146 inque
440 4069 572 4128 humeros
585 4069 681 4126 cervix
694 4070 818 4145 collapsa
829 4068 985 4130 recumbit:
