<?xml version="1.0" encoding="UTF-8"?>
<!DOCTYPE html PUBLIC "-//W3C//DTD XHTML 1.0 Transitional//EN"
    "http://www.w3.org/TR/xhtml1/DTD/xhtml1-transitional.dtd">
<html xmlns="http://www.w3.org/1999/xhtml" xml:lang="en" lang="en">
 <head>
  <title>
</title>
<meta http-equiv="Content-Type" content="text/html;charset=utf-8" />
  <meta name='ocr-system' content='tesseract 3.04.00' />
  <meta name='ocr-capabilities' content='ocr_page ocr_carea ocr_par ocr_line ocrx_word'/>
</head>
<body>
  <div class='ocr_page' id='page_1' title='image "./bucolicageorgic06virggoog/bucolicageorgic06virggoog_0242.png"; bbox 0 0 2712 4488; ppageno 0'>
   <div class='ocr_carea' id='block_1_1' title="bbox 563 513 744 568">
    <p class='ocr_par' dir='ltr' id='par_1_1' title="bbox 563 513 744 568">
     <span class='ocr_line' id='line_1_1' title="bbox 563 513 744 568; baseline 0.011 -2"><span class='ocrx_word' id='word_1_1' title='bbox 563 513 677 568; x_wconf 85' lang='lat' dir='ltr'>LIBER</span> <span class='ocrx_word' id='word_1_2' title='bbox 695 513 744 568; x_wconf 83' lang='lat' dir='ltr'>lx.</span> 
     </span>
    </p>
   </div>
   <div class='ocr_carea' id='block_1_2' title="bbox 124 661 1137 2472">
    <p class='ocr_par' dir='ltr' id='par_1_2' title="bbox 170 661 921 728">
     <span class='ocr_line' id='line_1_2' title="bbox 170 661 921 728; baseline 0.008 -6"><span class='ocrx_word' id='word_1_3' title='bbox 170 661 294 722; x_wconf 80' lang='lat' dir='ltr'>Pectore</span> <span class='ocrx_word' id='word_1_4' title='bbox 307 662 337 720; x_wconf 85' lang='lat' dir='ltr'>ia</span> <span class='ocrx_word' id='word_1_5' title='bbox 350 663 470 721; x_wconf 83' lang='lat' dir='ltr'>adverso</span> <span class='ocrx_word' id='word_1_6' title='bbox 483 669 574 722; x_wconf 78' lang='lat' dir='ltr'>tobim</span> <span class='ocrx_word' id='word_1_7' title='bbox 589 662 636 720; x_wconf 91' lang='lat' dir='ltr'>eui</span> <span class='ocrx_word' id='word_1_8' title='bbox 649 664 810 724; x_wconf 89' lang='lat' dir='ltr'>comminus</span> <span class='ocrx_word' id='word_1_9' title='bbox 823 685 921 728; x_wconf 88' lang='lat' dir='ltr'>ensem</span> 
     </span>
    </p>

    <p class='ocr_par' dir='ltr' id='par_1_3' title="bbox 172 739 868 821">
     <span class='ocr_line' id='line_1_3' title="bbox 172 739 868 821; baseline 0.006 -21"><span class='ocrx_word' id='word_1_10' title='bbox 172 739 311 800; x_wconf 86' lang='lat' dir='ltr'>Condidit</span> <span class='ocrx_word' id='word_1_11' title='bbox 324 742 489 818; x_wconf 78' lang='lat' dir='ltr'>assurgenti,</span> <span class='ocrx_word' id='word_1_12' title='bbox 504 741 634 800; x_wconf 74' lang='lat' dir='ltr'>etmulti</span> <span class='ocrx_word' id='word_1_13' title='bbox 647 751 736 800; x_wconf 90' lang='lat' dir='ltr'>morte</span> <span class='ocrx_word' id='word_1_14' title='bbox 751 745 868 821; x_wconf 88' lang='lat' dir='ltr'>recepit.</span> 
     </span>
    </p>

    <p class='ocr_par' dir='ltr' id='par_1_4' title="bbox 124 818 1037 900">
     <span class='ocr_line' id='line_1_4' title="bbox 124 818 1037 900; baseline 0.012 -23"><span class='ocrx_word' id='word_1_15' title='bbox 124 827 128 835; x_wconf 90' lang='lat'>&#39;</span> <span class='ocrx_word' id='word_1_16' title='bbox 171 818 348 896; x_wconf 74' lang='lat' dir='ltr'>Purpuream</span> <span class='ocrx_word' id='word_1_17' title='bbox 362 820 451 878; x_wconf 86' lang='lat' dir='ltr'>vomit</span> <span class='ocrx_word' id='word_1_18' title='bbox 463 819 512 877; x_wconf 91' lang='lat' dir='ltr'>ille</span> <span class='ocrx_word' id='word_1_19' title='bbox 526 820 659 894; x_wconf 85' lang='lat' dir='ltr'>animam,</span> <span class='ocrx_word' id='word_1_20' title='bbox 674 829 781 880; x_wconf 88' lang='lat' dir='ltr'>etcum</span> <span class='ocrx_word' id='word_1_21' title='bbox 795 825 934 900; x_wconf 77' lang='lat' dir='ltr'>sanguine</span> <span class='ocrx_word' id='word_1_22' title='bbox 948 825 1037 887; x_wconf 78' lang='lat' dir='ltr'>mixta</span> 
     </span>
    </p>

    <p class='ocr_par' dir='ltr' id='par_1_5' title="bbox 172 897 1137 966">
     <span class='ocr_line' id='line_1_5' title="bbox 172 897 1137 966; baseline 0.013 -12"><span class='ocrx_word' id='word_1_23' title='bbox 172 897 252 955; x_wconf 92' lang='lat' dir='ltr'>Vina</span> <span class='ocrx_word' id='word_1_24' title='bbox 265 897 348 956; x_wconf 81' lang='lat' dir='ltr'>refert</span> <span class='ocrx_word' id='word_1_25' title='bbox 361 899 503 956; x_wconf 85' lang='lat' dir='ltr'>moriens:</span> <span class='ocrx_word' id='word_1_26' title='bbox 524 897 571 956; x_wconf 94' lang='lat' dir='ltr'>hic</span> <span class='ocrx_word' id='word_1_27' title='bbox 584 898 658 956; x_wconf 86' lang='lat' dir='ltr'>lurto</span> <span class='ocrx_word' id='word_1_28' title='bbox 671 898 796 958; x_wconf 82' lang='lat' dir='ltr'>lerridus</span> <span class='ocrx_word' id='word_1_29' title='bbox 809 902 902 964; x_wconf 83' lang='lat' dir='ltr'>instat.</span> <span class='ocrx_word' id='word_1_30' title='bbox 1082 911 1137 966; x_wconf 76' lang='grc'>350</span> 
     </span>
    </p>

    <p class='ocr_par' dir='ltr' id='par_1_6' title="bbox 170 975 1027 1055">
     <span class='ocr_line' id='line_1_6' title="bbox 170 975 1027 1055; baseline 0.008 -21"><span class='ocrx_word' id='word_1_31' title='bbox 170 975 295 1053; x_wconf 91' lang='lat' dir='ltr'>Jamque</span> <span class='ocrx_word' id='word_1_32' title='bbox 309 978 345 1034; x_wconf 87' lang='lat' dir='ltr'>ad</span> <span class='ocrx_word' id='word_1_33' title='bbox 358 977 487 1053; x_wconf 75' lang='lat' dir='ltr'>Messapi</span> <span class='ocrx_word' id='word_1_34' title='bbox 500 977 592 1035; x_wconf 89' lang='lat' dir='ltr'>socios</span> <span class='ocrx_word' id='word_1_35' title='bbox 604 977 749 1053; x_wconf 83' lang='lat' dir='ltr'>tendebat,</span> <span class='ocrx_word' id='word_1_36' title='bbox 762 979 811 1036; x_wconf 91' lang='lat' dir='ltr'>ubi</span> <span class='ocrx_word' id='word_1_37' title='bbox 824 980 920 1055; x_wconf 81' lang='lat' dir='ltr'>ignem</span> <span class='ocrx_word' id='word_1_38' title='bbox 1024 975 1027 980; x_wconf 67' lang='grc'><strong>’</strong></span> 
     </span>
    </p>

    <p class='ocr_par' dir='ltr' id='par_1_7' title="bbox 171 1054 870 1131">
     <span class='ocr_line' id='line_1_7' title="bbox 171 1054 870 1131; baseline 0.007 -19"><span class='ocrx_word' id='word_1_39' title='bbox 171 1055 307 1113; x_wconf 85' lang='lat' dir='ltr'>Deficere</span> <span class='ocrx_word' id='word_1_40' title='bbox 320 1064 488 1130; x_wconf 80' lang='lat' dir='ltr'>extremum,</span> <span class='ocrx_word' id='word_1_41' title='bbox 503 1063 532 1112; x_wconf 91' lang='lat' dir='ltr'>et</span> <span class='ocrx_word' id='word_1_42' title='bbox 544 1056 675 1131; x_wconf 81' lang='lat' dir='ltr'>religatos</span> <span class='ocrx_word' id='word_1_43' title='bbox 689 1054 741 1115; x_wconf 76' lang='lat' dir='ltr'>rite</span> <span class='ocrx_word' id='word_1_44' title='bbox 755 1057 870 1118; x_wconf 86' lang='lat' dir='ltr'>videbat</span> 
     </span>
    </p>

    <p class='ocr_par' dir='ltr' id='par_1_8' title="bbox 172 1133 983 1220">
     <span class='ocr_line' id='line_1_8' title="bbox 172 1133 983 1220; baseline 0.011 -29"><span class='ocrx_word' id='word_1_45' title='bbox 172 1133 299 1211; x_wconf 82' lang='lat' dir='ltr'>Carpere</span> <span class='ocrx_word' id='word_1_46' title='bbox 312 1153 427 1220; x_wconf 67' lang='lat' dir='ltr'>gramen</span> <span class='ocrx_word' id='word_1_47' title='bbox 441 1153 548 1211; x_wconf 82' lang='lat' dir='ltr'>equos3</span> <span class='ocrx_word' id='word_1_48' title='bbox 568 1134 692 1192; x_wconf 87' lang='lat' dir='ltr'>breviter</span> <span class='ocrx_word' id='word_1_49' title='bbox 704 1154 792 1212; x_wconf 90' lang='lat' dir='ltr'>quum</span> <span class='ocrx_word' id='word_1_50' title='bbox 805 1137 872 1196; x_wconf 87' lang='lat' dir='ltr'>talia</span> <span class='ocrx_word' id='word_1_51' title='bbox 884 1139 983 1217; x_wconf 84' lang='lat' dir='ltr'>Nisus,</span> 
     </span>
    </p>

    <p class='ocr_par' dir='ltr' id='par_1_9' title="bbox 175 1209 921 1295">
     <span class='ocr_line' id='line_1_9' title="bbox 175 1209 921 1295; baseline 0.005 -25"><span class='ocrx_word' id='word_1_52' title='bbox 175 1209 289 1290; x_wconf 88' lang='lat' dir='ltr'>(Sensit</span> <span class='ocrx_word' id='word_1_53' title='bbox 301 1213 377 1270; x_wconf 91' lang='lat' dir='ltr'>enim</span> <span class='ocrx_word' id='word_1_54' title='bbox 391 1213 478 1271; x_wconf 81' lang='lat' dir='ltr'>nimii</span> <span class='ocrx_word' id='word_1_55' title='bbox 493 1213 573 1271; x_wconf 81' lang='lat' dir='ltr'>caede</span> <span class='ocrx_word' id='word_1_56' title='bbox 587 1221 672 1288; x_wconf 89' lang='lat' dir='ltr'>atque</span> <span class='ocrx_word' id='word_1_57' title='bbox 685 1215 818 1291; x_wconf 89' lang='lat' dir='ltr'>cupidine</span> <span class='ocrx_word' id='word_1_58' title='bbox 831 1214 921 1295; x_wconf 69' lang='lat' dir='ltr'>ferri)</span> 
     </span>
    </p>

    <p class='ocr_par' dir='ltr' id='par_1_10' title="bbox 171 1291 1137 1371">
     <span class='ocr_line' id='line_1_10' title="bbox 171 1291 1137 1371; baseline 0.011 -22"><span class='ocrx_word' id='word_1_59' title='bbox 171 1291 361 1367; x_wconf 79' lang='lat' dir='ltr'>Absistemus,</span> <span class='ocrx_word' id='word_1_60' title='bbox 375 1292 432 1366; x_wconf 88' lang='lat' dir='ltr'>ait;</span> <span class='ocrx_word' id='word_1_61' title='bbox 453 1311 520 1349; x_wconf 89' lang='lat' dir='ltr'>narn</span> <span class='ocrx_word' id='word_1_62' title='bbox 534 1292 584 1350; x_wconf 84' lang='lat' dir='ltr'>lux</span> <span class='ocrx_word' id='word_1_63' title='bbox 596 1292 714 1350; x_wconf 87' lang='lat' dir='ltr'>inimica</span> <span class='ocrx_word' id='word_1_64' title='bbox 725 1294 904 1371; x_wconf 76' lang='lat' dir='ltr'>propinquet.</span> <span class='ocrx_word' id='word_1_65' title='bbox 1080 1303 1137 1360; x_wconf 77' lang='lat'>855</span> 
     </span>
    </p>

    <p class='ocr_par' dir='ltr' id='par_1_11' title="bbox 171 1369 1000 1450">
     <span class='ocr_line' id='line_1_11' title="bbox 171 1369 1000 1450; baseline 0.007 -22"><span class='ocrx_word' id='word_1_66' title='bbox 171 1369 326 1429; x_wconf 82' lang='lat' dir='ltr'>Poenarum</span> <span class='ocrx_word' id='word_1_67' title='bbox 340 1370 509 1429; x_wconf 87' lang='lat' dir='ltr'>exhaustum</span> <span class='ocrx_word' id='word_1_68' title='bbox 523 1370 590 1428; x_wconf 84' lang='lat' dir='ltr'>satis</span> <span class='ocrx_word' id='word_1_69' title='bbox 604 1378 664 1443; x_wconf 89' lang='lat' dir='ltr'>est;</span> <span class='ocrx_word' id='word_1_70' title='bbox 686 1371 733 1428; x_wconf 88' lang='lat' dir='ltr'>via</span> <span class='ocrx_word' id='word_1_71' title='bbox 745 1370 818 1430; x_wconf 88' lang='lat' dir='ltr'>iacta</span> <span class='ocrx_word' id='word_1_72' title='bbox 829 1392 882 1450; x_wconf 93' lang='lat' dir='ltr'>per</span> <span class='ocrx_word' id='word_1_73' title='bbox 894 1375 1000 1436; x_wconf 87' lang='lat' dir='ltr'>hostes.</span> 
     </span>
    </p>

    <p class='ocr_par' dir='ltr' id='par_1_12' title="bbox 171 1449 919 1528">
     <span class='ocr_line' id='line_1_12' title="bbox 171 1449 919 1528; baseline 0.005 -21"><span class='ocrx_word' id='word_1_74' title='bbox 171 1449 267 1508; x_wconf 92' lang='lat' dir='ltr'>Multa</span> <span class='ocrx_word' id='word_1_75' title='bbox 279 1449 372 1507; x_wconf 78' lang='lat' dir='ltr'>sinim</span> <span class='ocrx_word' id='word_1_76' title='bbox 385 1449 476 1506; x_wconf 89' lang='lat' dir='ltr'>solido</span> <span class='ocrx_word' id='word_1_77' title='bbox 490 1457 604 1522; x_wconf 81' lang='lat' dir='ltr'>argento</span> <span class='ocrx_word' id='word_1_78' title='bbox 617 1449 744 1525; x_wconf 85' lang='lat' dir='ltr'>perlecta</span> <span class='ocrx_word' id='word_1_79' title='bbox 755 1450 919 1528; x_wconf 90' lang='lat' dir='ltr'>relinquunt</span> 
     </span>
    </p>

    <p class='ocr_par' dir='ltr' id='par_1_13' title="bbox 171 1527 978 1608">
     <span class='ocr_line' id='line_1_13' title="bbox 171 1527 978 1608; baseline 0.005 -22"><span class='ocrx_word' id='word_1_80' title='bbox 171 1531 325 1604; x_wconf 80' lang='lat' dir='ltr'>Armaque,</span> <span class='ocrx_word' id='word_1_81' title='bbox 340 1536 519 1604; x_wconf 87' lang='lat' dir='ltr'>craterasque</span> <span class='ocrx_word' id='word_1_82' title='bbox 533 1527 625 1601; x_wconf 90' lang='lat' dir='ltr'>simul,</span> <span class='ocrx_word' id='word_1_83' title='bbox 639 1527 828 1605; x_wconf 90' lang='lat' dir='ltr'>pulchrosque</span> <span class='ocrx_word' id='word_1_84' title='bbox 841 1539 957 1608; x_wconf 82' lang='lat' dir='ltr'>tapetas.</span> <span class='ocrx_word' id='word_1_85' title='bbox 969 1561 978 1601; x_wconf 63' lang='lat' dir='ltr'><em>s</em></span> 
     </span>
    </p>

    <p class='ocr_par' dir='ltr' id='par_1_14' title="bbox 172 1604 990 1689">
     <span class='ocr_line' id='line_1_14' title="bbox 172 1604 990 1689; baseline 0.002 -26"><span class='ocrx_word' id='word_1_86' title='bbox 172 1607 313 1683; x_wconf 84' lang='lat' dir='ltr'>Euryalus</span> <span class='ocrx_word' id='word_1_87' title='bbox 322 1605 452 1683; x_wconf 88' lang='lat' dir='ltr'>phaleras</span> <span class='ocrx_word' id='word_1_88' title='bbox 465 1604 636 1664; x_wconf 84' lang='lat' dir='ltr'>Rhamnetis</span> <span class='ocrx_word' id='word_1_89' title='bbox 650 1613 679 1663; x_wconf 90' lang='lat' dir='ltr'>et</span> <span class='ocrx_word' id='word_1_90' title='bbox 692 1625 776 1664; x_wconf 89' lang='lat' dir='ltr'>aurea</span> <span class='ocrx_word' id='word_1_91' title='bbox 787 1607 872 1667; x_wconf 91' lang='lat' dir='ltr'>bullis</span> <span class='ocrx_word' id='word_1_92' title='bbox 898 1609 938 1670; x_wconf 76' lang='lat' dir='ltr'>l=c</span> <span class='ocrx_word' id='word_1_93' title='bbox 947 1609 969 1689; x_wconf 66' lang='lat' dir='ltr'>,s</span> <span class='ocrx_word' id='word_1_94' title='bbox 987 1613 990 1622; x_wconf 87' lang='grc'><em>“</em></span> 
     </span>
    </p>

    <p class='ocr_par' dir='ltr' id='par_1_15' title="bbox 172 1679 1135 1761">
     <span class='ocr_line' id='line_1_15' title="bbox 172 1679 1135 1761; baseline 0.002 -18"><span class='ocrx_word' id='word_1_95' title='bbox 172 1685 315 1761; x_wconf 77' lang='lat' dir='ltr'>Cingula3</span> <span class='ocrx_word' id='word_1_96' title='bbox 336 1683 449 1742; x_wconf 84' lang='lat' dir='ltr'>Tiburti</span> <span class='ocrx_word' id='word_1_97' title='bbox 462 1684 587 1742; x_wconf 89' lang='lat' dir='ltr'>Remulo</span> <span class='ocrx_word' id='word_1_98' title='bbox 601 1683 754 1743; x_wconf 90' lang='lat' dir='ltr'>ditissimus</span> <span class='ocrx_word' id='word_1_99' title='bbox 767 1679 868 1744; x_wconf 61' lang='lat' dir='ltr'>olio?</span> <span class='ocrx_word' id='word_1_100' title='bbox 935 1709 945 1750; x_wconf 76' lang='lat' dir='ltr'>l</span> <span class='ocrx_word' id='word_1_101' title='bbox 1079 1695 1135 1750; x_wconf 85' lang='grc'>360</span> 
     </span>
    </p>

    <p class='ocr_par' dir='ltr' id='par_1_16' title="bbox 173 1763 949 1843">
     <span class='ocr_line' id='line_1_16' title="bbox 173 1763 949 1843; baseline 0.006 -22"><span class='ocrx_word' id='word_1_102' title='bbox 173 1764 248 1836; x_wconf 77' lang='lat' dir='ltr'>Quae</span> <span class='ocrx_word' id='word_1_103' title='bbox 262 1763 347 1822; x_wconf 85' lang='lat' dir='ltr'>mittit</span> <span class='ocrx_word' id='word_1_104' title='bbox 360 1763 442 1838; x_wconf 88' lang='lat' dir='ltr'>dona,</span> <span class='ocrx_word' id='word_1_105' title='bbox 457 1763 580 1840; x_wconf 89' lang='lat' dir='ltr'>bospitio</span> <span class='ocrx_word' id='word_1_106' title='bbox 592 1783 681 1840; x_wconf 89' lang='lat' dir='ltr'>quum</span> <span class='ocrx_word' id='word_1_107' title='bbox 692 1766 825 1842; x_wconf 80' lang='lat' dir='ltr'>jungeret</span> <span class='ocrx_word' id='word_1_108' title='bbox 837 1765 949 1843; x_wconf 87' lang='lat' dir='ltr'>absens,</span> 
     </span>
    </p>

    <p class='ocr_par' dir='ltr' id='par_1_17' title="bbox 172 1841 903 1922">
     <span class='ocr_line' id='line_1_17' title="bbox 172 1841 903 1922; baseline 0.004 -21"><span class='ocrx_word' id='word_1_109' title='bbox 172 1843 306 1901; x_wconf 79' lang='lat' dir='ltr'>Caedicus</span> <span class='ocrx_word' id='word_1_110' title='bbox 317 1861 325 1915; x_wconf 87' lang='lat'>;</span> <span class='ocrx_word' id='word_1_111' title='bbox 345 1841 394 1900; x_wconf 88' lang='lat' dir='ltr'>ille</span> <span class='ocrx_word' id='word_1_112' title='bbox 407 1861 459 1900; x_wconf 92' lang='lat' dir='ltr'>suo</span> <span class='ocrx_word' id='word_1_113' title='bbox 473 1842 596 1902; x_wconf 89' lang='lat' dir='ltr'>moriens</span> <span class='ocrx_word' id='word_1_114' title='bbox 609 1844 657 1900; x_wconf 89' lang='lat' dir='ltr'>dat</span> <span class='ocrx_word' id='word_1_115' title='bbox 669 1842 774 1901; x_wconf 93' lang='lat' dir='ltr'>babere</span> <span class='ocrx_word' id='word_1_116' title='bbox 787 1845 903 1922; x_wconf 88' lang='lat' dir='ltr'>nepoti:</span> 
     </span>
    </p>

    <p class='ocr_par' dir='ltr' id='par_1_18' title="bbox 172 1921 843 1999">
     <span class='ocr_line' id='line_1_18' title="bbox 172 1921 843 1999; baseline 0.001 -19"><span class='ocrx_word' id='word_1_117' title='bbox 172 1921 231 1980; x_wconf 91' lang='lat' dir='ltr'>Pos</span> <span class='ocrx_word' id='word_1_118' title='bbox 256 1929 373 1979; x_wconf 90' lang='lat' dir='ltr'>mortem</span> <span class='ocrx_word' id='word_1_119' title='bbox 387 1921 463 1979; x_wconf 90' lang='lat' dir='ltr'>bello</span> <span class='ocrx_word' id='word_1_120' title='bbox 476 1921 576 1980; x_wconf 88' lang='lat' dir='ltr'>Rutuli</span> <span class='ocrx_word' id='word_1_121' title='bbox 589 1921 740 1998; x_wconf 73' lang='lat' dir='ltr'>pugnisque</span> <span class='ocrx_word' id='word_1_122' title='bbox 752 1923 843 1999; x_wconf 86' lang='lat' dir='ltr'>potiti.</span> 
     </span>
    </p>

    <p class='ocr_par' dir='ltr' id='par_1_19' title="bbox 173 1929 1011 2079">
     <span class='ocr_line' id='line_1_19' title="bbox 173 1929 1011 2079; baseline 0.007 -21"><span class='ocrx_word' id='word_1_123' title='bbox 173 1929 440 2077; x_wconf 49' lang='lat' dir='ltr'>Hadrapitatque</span> <span class='ocrx_word' id='word_1_124' title='bbox 454 2000 580 2058; x_wconf 84' lang='lat' dir='ltr'>humeris</span> <span class='ocrx_word' id='word_1_125' title='bbox 592 2001 782 2078; x_wconf 88' lang='lat' dir='ltr'>nequidquam</span> <span class='ocrx_word' id='word_1_126' title='bbox 796 2001 912 2062; x_wconf 84' lang='lat' dir='ltr'>sortibus</span> <span class='ocrx_word' id='word_1_127' title='bbox 926 2010 1011 2079; x_wconf 84' lang='lat' dir='ltr'>aptat.</span> 
     </span>
    </p>

    <p class='ocr_par' dir='ltr' id='par_1_20' title="bbox 172 2078 1133 2158">
     <span class='ocr_line' id='line_1_20' title="bbox 172 2078 1133 2158; baseline 0.004 -22"><span class='ocrx_word' id='word_1_128' title='bbox 172 2079 249 2138; x_wconf 88' lang='lat' dir='ltr'>Tum</span> <span class='ocrx_word' id='word_1_129' title='bbox 263 2079 372 2156; x_wconf 81' lang='lat' dir='ltr'>galeam</span> <span class='ocrx_word' id='word_1_130' title='bbox 386 2078 514 2156; x_wconf 89' lang='lat' dir='ltr'>Messapi</span> <span class='ocrx_word' id='word_1_131' title='bbox 527 2079 651 2138; x_wconf 81' lang='lat' dir='ltr'>babilam</span> <span class='ocrx_word' id='word_1_132' title='bbox 665 2080 811 2156; x_wconf 86' lang='lat' dir='ltr'>cristisque</span> <span class='ocrx_word' id='word_1_133' title='bbox 824 2081 968 2158; x_wconf 88' lang='lat' dir='ltr'>decoram,</span> <span class='ocrx_word' id='word_1_134' title='bbox 1078 2086 1133 2141; x_wconf 79' lang='grc'>365</span> 
     </span>
    </p>

    <p class='ocr_par' dir='ltr' id='par_1_21' title="bbox 173 2157 1103 2316">
     <span class='ocr_line' id='line_1_21' title="bbox 173 2157 1103 2236; baseline 0.005 -20"><span class='ocrx_word' id='word_1_135' title='bbox 173 2157 279 2216; x_wconf 89' lang='lat' dir='ltr'>lnduit.</span> <span class='ocrx_word' id='word_1_136' title='bbox 320 2158 475 2215; x_wconf 85' lang='lat' dir='ltr'>Excedunt</span> <span class='ocrx_word' id='word_1_137' title='bbox 487 2157 593 2234; x_wconf 83' lang='lat' dir='ltr'>castris,</span> <span class='ocrx_word' id='word_1_138' title='bbox 608 2169 637 2218; x_wconf 90' lang='lat' dir='ltr'>et</span> <span class='ocrx_word' id='word_1_139' title='bbox 649 2167 709 2218; x_wconf 87' lang='lat' dir='ltr'>tuta</span> <span class='ocrx_word' id='word_1_140' title='bbox 722 2168 881 2236; x_wconf 83' lang='lat' dir='ltr'>capessunt.</span> <span class='ocrx_word' id='word_1_141' title='bbox 1100 2183 1103 2190; x_wconf 90' lang='lat'>·</span> 
     </span>
     <span class='ocr_line' id='line_1_22' title="bbox 214 2237 856 2316; baseline 0 -21"><span class='ocrx_word' id='word_1_142' title='bbox 214 2237 325 2296; x_wconf 88' lang='lat' dir='ltr'>luteres</span> <span class='ocrx_word' id='word_1_143' title='bbox 337 2237 477 2313; x_wconf 76' lang='lat' dir='ltr'>praemissi</span> <span class='ocrx_word' id='word_1_144' title='bbox 489 2237 598 2313; x_wconf 80' lang='lat' dir='ltr'>equites</span> <span class='ocrx_word' id='word_1_145' title='bbox 612 2255 649 2296; x_wconf 85' lang='lat' dir='ltr'>ex</span> <span class='ocrx_word' id='word_1_146' title='bbox 662 2238 731 2296; x_wconf 88' lang='lat' dir='ltr'>urbe</span> <span class='ocrx_word' id='word_1_147' title='bbox 744 2237 856 2316; x_wconf 80' lang='lat' dir='ltr'>Latini,</span> 
     </span>
    </p>

    <p class='ocr_par' dir='ltr' id='par_1_22' title="bbox 173 2315 867 2393">
     <span class='ocr_line' id='line_1_23' title="bbox 173 2315 867 2393; baseline 0 -18"><span class='ocrx_word' id='word_1_148' title='bbox 173 2317 286 2376; x_wconf 70' lang='lat' dir='ltr'>Cetera</span> <span class='ocrx_word' id='word_1_149' title='bbox 299 2316 365 2374; x_wconf 90' lang='lat' dir='ltr'>dum</span> <span class='ocrx_word' id='word_1_150' title='bbox 380 2315 454 2392; x_wconf 82' lang='lat' dir='ltr'>legio</span> <span class='ocrx_word' id='word_1_151' title='bbox 468 2317 576 2393; x_wconf 88' lang='lat' dir='ltr'>campis</span> <span class='ocrx_word' id='word_1_152' title='bbox 589 2317 725 2374; x_wconf 86' lang='lat' dir='ltr'>instructa</span> <span class='ocrx_word' id='word_1_153' title='bbox 736 2325 867 2392; x_wconf 88' lang='lat' dir='ltr'>moratur,</span> 
     </span>
    </p>

    <p class='ocr_par' dir='ltr' id='par_1_23' title="bbox 173 2395 801 2472">
     <span class='ocr_line' id='line_1_24' title="bbox 173 2395 801 2472; baseline -0.002 -19"><span class='ocrx_word' id='word_1_154' title='bbox 173 2395 265 2471; x_wconf 87' lang='lat' dir='ltr'>Ibant,</span> <span class='ocrx_word' id='word_1_155' title='bbox 280 2403 309 2454; x_wconf 89' lang='lat' dir='ltr'>et</span> <span class='ocrx_word' id='word_1_156' title='bbox 320 2395 418 2454; x_wconf 89' lang='lat' dir='ltr'>Turno</span> <span class='ocrx_word' id='word_1_157' title='bbox 432 2395 505 2472; x_wconf 81' lang='lat' dir='ltr'>regis</span> <span class='ocrx_word' id='word_1_158' title='bbox 518 2413 653 2472; x_wconf 89' lang='lat' dir='ltr'>responsa</span> <span class='ocrx_word' id='word_1_159' title='bbox 664 2395 801 2470; x_wconf 88' lang='lat' dir='ltr'>serebant,</span> 
     </span>
    </p>
   </div>
   <div class='ocr_carea' id='block_1_3' title="bbox 54 2472 1132 2550">
    <p class='ocr_par' dir='ltr' id='par_1_24' title="bbox 54 2472 1132 2550">
     <span class='ocr_line' id='line_1_25' title="bbox 54 2472 1132 2550; baseline 0.003 -18"><span class='ocrx_word' id='word_1_160' title='bbox 54 2472 58 2481; x_wconf 83' lang='grc'><strong>“</strong></span> <span class='ocrx_word' id='word_1_161' title='bbox 172 2475 355 2549; x_wconf 78' lang='lat' dir='ltr'>Tercentum,</span> <span class='ocrx_word' id='word_1_162' title='bbox 370 2475 470 2533; x_wconf 86' lang='lat' dir='ltr'>scutati</span> <span class='ocrx_word' id='word_1_163' title='bbox 483 2493 590 2549; x_wconf 90' lang='lat' dir='ltr'>omnes,</span> <span class='ocrx_word' id='word_1_164' title='bbox 605 2474 760 2532; x_wconf 88' lang='lat' dir='ltr'>Volscente</span> <span class='ocrx_word' id='word_1_165' title='bbox 773 2474 914 2550; x_wconf 79' lang='lat' dir='ltr'>magistro.</span> <span class='ocrx_word' id='word_1_166' title='bbox 1075 2480 1132 2536; x_wconf 79' lang='grc'>370</span> 
     </span>
    </p>
   </div>
   <div class='ocr_carea' id='block_1_4' title="bbox 172 2552 1130 3727">
    <p class='ocr_par' dir='ltr' id='par_1_25' title="bbox 172 2552 966 2631">
     <span class='ocr_line' id='line_1_26' title="bbox 172 2552 966 2631; baseline 0.001 -20"><span class='ocrx_word' id='word_1_167' title='bbox 172 2553 190 2611; x_wconf 85' lang='lat' dir='ltr'><strong>J</strong></span> <span class='ocrx_word' id='word_1_168' title='bbox 191 2572 292 2630; x_wconf 89' lang='lat' dir='ltr'>amque</span> <span class='ocrx_word' id='word_1_169' title='bbox 305 2552 529 2631; x_wconf 86' lang='lat' dir='ltr'>propinquabant</span> <span class='ocrx_word' id='word_1_170' title='bbox 542 2553 647 2628; x_wconf 83' lang='lat' dir='ltr'>castris,</span> <span class='ocrx_word' id='word_1_171' title='bbox 661 2571 813 2629; x_wconf 90' lang='lat' dir='ltr'>murosque</span> <span class='ocrx_word' id='word_1_172' title='bbox 826 2553 966 2631; x_wconf 83' lang='lat' dir='ltr'>subibant,</span> 
     </span>
    </p>

    <p class='ocr_par' dir='ltr' id='par_1_26' title="bbox 175 2631 943 2708">
     <span class='ocr_line' id='line_1_27' title="bbox 175 2631 943 2708; baseline 0.003 -18"><span class='ocrx_word' id='word_1_173' title='bbox 175 2632 271 2703; x_wconf 83' lang='lat' dir='ltr'>Quum</span> <span class='ocrx_word' id='word_1_174' title='bbox 284 2632 382 2708; x_wconf 89' lang='lat' dir='ltr'>procul</span> <span class='ocrx_word' id='word_1_175' title='bbox 396 2631 448 2690; x_wconf 92' lang='lat' dir='ltr'>hos</span> <span class='ocrx_word' id='word_1_176' title='bbox 461 2632 534 2690; x_wconf 79' lang='lat' dir='ltr'>laevo</span> <span class='ocrx_word' id='word_1_177' title='bbox 547 2631 692 2691; x_wconf 88' lang='lat' dir='ltr'>flectentes</span> <span class='ocrx_word' id='word_1_178' title='bbox 705 2631 794 2690; x_wconf 90' lang='lat' dir='ltr'>limite</span> <span class='ocrx_word' id='word_1_179' title='bbox 807 2641 943 2706; x_wconf 78' lang='lat' dir='ltr'>cernunl3</span> 
     </span>
    </p>

    <p class='ocr_par' dir='ltr' id='par_1_27' title="bbox 174 2709 883 2787">
     <span class='ocr_line' id='line_1_28' title="bbox 174 2709 883 2787; baseline 0 -19"><span class='ocrx_word' id='word_1_180' title='bbox 174 2711 215 2769; x_wconf 90' lang='lat' dir='ltr'>Et</span> <span class='ocrx_word' id='word_1_181' title='bbox 227 2710 307 2787; x_wconf 80' lang='lat' dir='ltr'>galea</span> <span class='ocrx_word' id='word_1_182' title='bbox 320 2709 476 2785; x_wconf 88' lang='lat' dir='ltr'>Euryalum</span> <span class='ocrx_word' id='word_1_183' title='bbox 490 2709 623 2768; x_wconf 86' lang='lat' dir='ltr'>sublustri</span> <span class='ocrx_word' id='word_1_184' title='bbox 637 2710 727 2768; x_wconf 81' lang='lat' dir='ltr'>noctis</span> <span class='ocrx_word' id='word_1_185' title='bbox 740 2710 770 2766; x_wconf 91' lang='lat' dir='ltr'>in</span> <span class='ocrx_word' id='word_1_186' title='bbox 783 2710 883 2768; x_wconf 74' lang='lat' dir='ltr'>umbri</span> 
     </span>
    </p>

    <p class='ocr_par' dir='ltr' id='par_1_28' title="bbox 173 2787 933 2863">
     <span class='ocr_line' id='line_1_29' title="bbox 173 2787 933 2863; baseline -0.001 -16"><span class='ocrx_word' id='word_1_187' title='bbox 173 2788 303 2847; x_wconf 89' lang='lat' dir='ltr'>Prodidit</span> <span class='ocrx_word' id='word_1_188' title='bbox 313 2787 518 2861; x_wconf 89' lang='lat' dir='ltr'>immemorem,</span> <span class='ocrx_word' id='word_1_189' title='bbox 532 2787 673 2863; x_wconf 90' lang='lat' dir='ltr'>radiisque</span> <span class='ocrx_word' id='word_1_190' title='bbox 687 2788 804 2845; x_wconf 87' lang='lat' dir='ltr'>adversa</span> <span class='ocrx_word' id='word_1_191' title='bbox 817 2789 933 2847; x_wconf 79' lang='lat' dir='ltr'>refulsit.</span> 
     </span>
    </p>

    <p class='ocr_par' dir='ltr' id='par_1_29' title="bbox 175 2861 1129 3019">
     <span class='ocr_line' id='line_1_30' title="bbox 175 2861 1129 2940; baseline 0.001 -16"><span class='ocrx_word' id='word_1_192' title='bbox 175 2867 261 2924; x_wconf 92' lang='lat' dir='ltr'>Haud</span> <span class='ocrx_word' id='word_1_193' title='bbox 274 2861 380 2924; x_wconf 71' lang='lat' dir='ltr'>temere</span> <span class='ocrx_word' id='word_1_194' title='bbox 395 2873 438 2923; x_wconf 90' lang='lat' dir='ltr'>est</span> <span class='ocrx_word' id='word_1_195' title='bbox 449 2865 552 2939; x_wconf 85' lang='lat' dir='ltr'>visum,</span> <span class='ocrx_word' id='word_1_196' title='bbox 563 2865 720 2923; x_wconf 79' lang='lat' dir='ltr'>conclamat</span> <span class='ocrx_word' id='word_1_197' title='bbox 729 2865 764 2922; x_wconf 87' lang='lat' dir='ltr'>ab</span> <span class='ocrx_word' id='word_1_198' title='bbox 776 2866 888 2940; x_wconf 79' lang='lat' dir='ltr'>agmine</span> <span class='ocrx_word' id='word_1_199' title='bbox 898 2865 1040 2925; x_wconf 89' lang='lat' dir='ltr'>Volscens</span> <span class='ocrx_word' id='word_1_200' title='bbox 1051 2885 1059 2924; x_wconf 75' lang='lat' dir='ltr'>t</span> <span class='ocrx_word' id='word_1_201' title='bbox 1072 2870 1129 2926; x_wconf 82' lang='grc'>375</span> 
     </span>
     <span class='ocr_line' id='line_1_31' title="bbox 175 2943 969 3019; baseline -0.001 -16"><span class='ocrx_word' id='word_1_202' title='bbox 175 2943 264 3019; x_wconf 86' lang='lat' dir='ltr'>State,</span> <span class='ocrx_word' id='word_1_203' title='bbox 278 2943 350 3016; x_wconf 88' lang='lat' dir='ltr'>riri;</span> <span class='ocrx_word' id='word_1_204' title='bbox 371 2961 434 3019; x_wconf 73' lang='lat' dir='ltr'>quas</span> <span class='ocrx_word' id='word_1_205' title='bbox 448 2961 533 3000; x_wconf 89' lang='lat' dir='ltr'>causa</span> <span class='ocrx_word' id='word_1_206' title='bbox 545 2943 622 3001; x_wconf 79' lang='lat' dir='ltr'>riae?</span> <span class='ocrx_word' id='word_1_207' title='bbox 641 2943 727 3018; x_wconf 89' lang='lat' dir='ltr'>quive</span> <span class='ocrx_word' id='word_1_208' title='bbox 740 2943 807 3000; x_wconf 89' lang='lat' dir='ltr'>estis</span> <span class='ocrx_word' id='word_1_209' title='bbox 820 2943 850 3000; x_wconf 92' lang='lat' dir='ltr'>in</span> <span class='ocrx_word' id='word_1_210' title='bbox 864 2943 969 3002; x_wconf 82' lang='lat' dir='ltr'>armis?</span> 
     </span>
    </p>

    <p class='ocr_par' dir='ltr' id='par_1_30' title="bbox 176 3018 895 3095">
     <span class='ocr_line' id='line_1_32' title="bbox 176 3018 895 3095; baseline -0.001 -15"><span class='ocrx_word' id='word_1_211' title='bbox 176 3019 279 3095; x_wconf 76' lang='lat' dir='ltr'>Qudne</span> <span class='ocrx_word' id='word_1_212' title='bbox 292 3022 394 3080; x_wconf 87' lang='lat' dir='ltr'>tenetis</span> <span class='ocrx_word' id='word_1_213' title='bbox 407 3021 460 3079; x_wconf 93' lang='lat' dir='ltr'>iter</span> <span class='ocrx_word' id='word_1_214' title='bbox 471 3023 482 3078; x_wconf 82' lang='lat' dir='ltr'>i</span> <span class='ocrx_word' id='word_1_215' title='bbox 502 3020 585 3079; x_wconf 89' lang='lat' dir='ltr'>Nihil</span> <span class='ocrx_word' id='word_1_216' title='bbox 597 3020 639 3078; x_wconf 89' lang='lat' dir='ltr'>illi</span> <span class='ocrx_word' id='word_1_217' title='bbox 652 3020 768 3078; x_wconf 90' lang='lat' dir='ltr'>tendere</span> <span class='ocrx_word' id='word_1_218' title='bbox 781 3018 895 3094; x_wconf 77' lang='lat' dir='ltr'>contrd3</span> 
     </span>
    </p>

    <p class='ocr_par' dir='ltr' id='par_1_31' title="bbox 176 3098 866 3176">
     <span class='ocr_line' id='line_1_33' title="bbox 176 3098 866 3176; baseline -0.007 -15"><span class='ocrx_word' id='word_1_219' title='bbox 176 3102 233 3161; x_wconf 90' lang='lat' dir='ltr'>Sed</span> <span class='ocrx_word' id='word_1_220' title='bbox 246 3100 368 3160; x_wconf 88' lang='lat' dir='ltr'>celerare</span> <span class='ocrx_word' id='word_1_221' title='bbox 381 3099 476 3176; x_wconf 80' lang='lat' dir='ltr'>lugam</span> <span class='ocrx_word' id='word_1_222' title='bbox 490 3099 519 3157; x_wconf 93' lang='lat' dir='ltr'>in</span> <span class='ocrx_word' id='word_1_223' title='bbox 533 3099 626 3174; x_wconf 88' lang='lat' dir='ltr'>silvas,</span> <span class='ocrx_word' id='word_1_224' title='bbox 641 3107 670 3158; x_wconf 88' lang='lat' dir='ltr'>et</span> <span class='ocrx_word' id='word_1_225' title='bbox 682 3098 768 3158; x_wconf 88' lang='lat' dir='ltr'>fidere</span> <span class='ocrx_word' id='word_1_226' title='bbox 781 3099 866 3158; x_wconf 91' lang='lat' dir='ltr'>nocti.</span> 
     </span>
    </p>

    <p class='ocr_par' dir='ltr' id='par_1_32' title="bbox 175 3177 778 3259">
     <span class='ocr_line' id='line_1_34' title="bbox 175 3177 778 3259; baseline -0.005 -20"><span class='ocrx_word' id='word_1_227' title='bbox 175 3179 322 3259; x_wconf 89' lang='lat' dir='ltr'>Objiciunt</span> <span class='ocrx_word' id='word_1_228' title='bbox 334 3178 443 3256; x_wconf 86' lang='lat' dir='ltr'>equites</span> <span class='ocrx_word' id='word_1_229' title='bbox 457 3197 519 3236; x_wconf 88' lang='lat' dir='ltr'>sese</span> <span class='ocrx_word' id='word_1_230' title='bbox 532 3179 568 3235; x_wconf 89' lang='lat' dir='ltr'>ad</span> <span class='ocrx_word' id='word_1_231' title='bbox 581 3177 700 3236; x_wconf 88' lang='lat' dir='ltr'>divortia</span> <span class='ocrx_word' id='word_1_232' title='bbox 712 3185 778 3236; x_wconf 88' lang='lat' dir='ltr'>nota</span> 
     </span>
    </p>

    <p class='ocr_par' dir='ltr' id='par_1_33' title="bbox 175 3255 1129 3413">
     <span class='ocr_line' id='line_1_35' title="bbox 175 3255 1129 3335; baseline 0.001 -18"><span class='ocrx_word' id='word_1_233' title='bbox 175 3260 252 3317; x_wconf 91' lang='lat' dir='ltr'>Hinc</span> <span class='ocrx_word' id='word_1_234' title='bbox 266 3269 349 3335; x_wconf 85' lang='lat' dir='ltr'>atque</span> <span class='ocrx_word' id='word_1_235' title='bbox 362 3257 438 3332; x_wconf 91' lang='lat' dir='ltr'>hinc,</span> <span class='ocrx_word' id='word_1_236' title='bbox 453 3275 624 3332; x_wconf 86' lang='lat' dir='ltr'>omnemque</span> <span class='ocrx_word' id='word_1_237' title='bbox 637 3255 742 3314; x_wconf 90' lang='lat' dir='ltr'>abitum</span> <span class='ocrx_word' id='word_1_238' title='bbox 758 3257 875 3316; x_wconf 90' lang='lat' dir='ltr'>custode</span> <span class='ocrx_word' id='word_1_239' title='bbox 887 3264 1029 3318; x_wconf 88' lang='lat' dir='ltr'>coronant.</span> <span class='ocrx_word' id='word_1_240' title='bbox 1073 3263 1129 3318; x_wconf 77' lang='lat'>³80</span> 
     </span>
     <span class='ocr_line' id='line_1_36' title="bbox 175 3334 762 3413; baseline -0.009 -17"><span class='ocrx_word' id='word_1_241' title='bbox 175 3337 254 3396; x_wconf 86' lang='lat' dir='ltr'>Silva</span> <span class='ocrx_word' id='word_1_242' title='bbox 266 3337 320 3396; x_wconf 85' lang='lat' dir='ltr'>fuit</span> <span class='ocrx_word' id='word_1_243' title='bbox 331 3334 387 3396; x_wconf 70' lang='lat' dir='ltr'>latei</span> <span class='ocrx_word' id='word_1_244' title='bbox 401 3335 495 3395; x_wconf 92' lang='lat' dir='ltr'>dumis</span> <span class='ocrx_word' id='word_1_245' title='bbox 508 3344 592 3413; x_wconf 88' lang='lat' dir='ltr'>atque</span> <span class='ocrx_word' id='word_1_246' title='bbox 604 3335 670 3394; x_wconf 89' lang='lat' dir='ltr'>ilice</span> <span class='ocrx_word' id='word_1_247' title='bbox 683 3334 762 3410; x_wconf 80' lang='lat' dir='ltr'>nigri</span> 
     </span>
    </p>

    <p class='ocr_par' dir='ltr' id='par_1_34' title="bbox 176 3411 946 3492">
     <span class='ocr_line' id='line_1_37' title="bbox 176 3411 946 3492; baseline 0.001 -19"><span class='ocrx_word' id='word_1_248' title='bbox 176 3415 305 3490; x_wconf 84' lang='lat' dir='ltr'>Horrida,</span> <span class='ocrx_word' id='word_1_249' title='bbox 319 3434 404 3492; x_wconf 90' lang='lat' dir='ltr'>quam</span> <span class='ocrx_word' id='word_1_250' title='bbox 418 3414 498 3473; x_wconf 91' lang='lat' dir='ltr'>densi</span> <span class='ocrx_word' id='word_1_251' title='bbox 511 3411 685 3491; x_wconf 68' lang='lat' dir='ltr'>complicant</span> <span class='ocrx_word' id='word_1_252' title='bbox 696 3413 821 3489; x_wconf 89' lang='lat' dir='ltr'>undique</span> <span class='ocrx_word' id='word_1_253' title='bbox 834 3421 946 3488; x_wconf 87' lang='lat' dir='ltr'>sentes;</span> 
     </span>
    </p>

    <p class='ocr_par' dir='ltr' id='par_1_35' title="bbox 175 3491 793 3572">
     <span class='ocr_line' id='line_1_38' title="bbox 175 3491 793 3572; baseline 0 -20"><span class='ocrx_word' id='word_1_254' title='bbox 175 3494 252 3552; x_wconf 89' lang='lat' dir='ltr'>Rara</span> <span class='ocrx_word' id='word_1_255' title='bbox 263 3513 314 3572; x_wconf 88' lang='lat' dir='ltr'>per</span> <span class='ocrx_word' id='word_1_256' title='bbox 326 3495 451 3552; x_wconf 87' lang='lat' dir='ltr'>occultos</span> <span class='ocrx_word' id='word_1_257' title='bbox 464 3492 576 3551; x_wconf 86' lang='lat' dir='ltr'>lucebat</span> <span class='ocrx_word' id='word_1_258' title='bbox 588 3493 688 3550; x_wconf 88' lang='lat' dir='ltr'>semita</span> <span class='ocrx_word' id='word_1_259' title='bbox 700 3491 793 3552; x_wconf 82' lang='lat' dir='ltr'>calles.</span> 
     </span>
    </p>

    <p class='ocr_par' dir='ltr' id='par_1_36' title="bbox 176 3571 917 3649">
     <span class='ocr_line' id='line_1_39' title="bbox 176 3571 917 3649; baseline 0 -19"><span class='ocrx_word' id='word_1_260' title='bbox 176 3572 331 3649; x_wconf 76' lang='lat' dir='ltr'>Euryalum</span> <span class='ocrx_word' id='word_1_261' title='bbox 344 3572 467 3631; x_wconf 75' lang='lat' dir='ltr'>tenebra</span> <span class='ocrx_word' id='word_1_262' title='bbox 481 3589 620 3630; x_wconf 88' lang='lat' dir='ltr'>ramorum</span> <span class='ocrx_word' id='word_1_263' title='bbox 634 3587 807 3646; x_wconf 87' lang='lat' dir='ltr'>onerosaque</span> <span class='ocrx_word' id='word_1_264' title='bbox 820 3571 917 3647; x_wconf 79' lang='lat' dir='ltr'>praeda</span> 
     </span>
    </p>

    <p class='ocr_par' dir='ltr' id='par_1_37' title="bbox 177 3649 1130 3727">
     <span class='ocr_line' id='line_1_40' title="bbox 177 3649 1130 3727; baseline 0.002 -19"><span class='ocrx_word' id='word_1_265' title='bbox 177 3650 354 3727; x_wconf 82' lang='lat' dir='ltr'>impediunt3</span> <span class='ocrx_word' id='word_1_266' title='bbox 375 3650 500 3727; x_wconf 81' lang='lat' dir='ltr'>fallitque</span> <span class='ocrx_word' id='word_1_267' title='bbox 513 3650 596 3707; x_wconf 84' lang='lat' dir='ltr'>timor</span> <span class='ocrx_word' id='word_1_268' title='bbox 608 3649 722 3724; x_wconf 79' lang='lat' dir='ltr'>ragione</span> <span class='ocrx_word' id='word_1_269' title='bbox 734 3649 851 3706; x_wconf 85' lang='lat' dir='ltr'>viarum.</span> <span class='ocrx_word' id='word_1_270' title='bbox 1072 3650 1130 3710; x_wconf 70' lang='lat'>886</span> 
     </span>
    </p>
   </div>
   <div class='ocr_carea' id='block_1_5' title="bbox 47 3726 962 3806">
    <p class='ocr_par' dir='ltr' id='par_1_38' title="bbox 47 3726 962 3806">
     <span class='ocr_line' id='line_1_41' title="bbox 47 3726 962 3806; baseline -0.003 -17"><span class='ocrx_word' id='word_1_271' title='bbox 47 3727 50 3732; x_wconf 75' lang='grc'><strong>’</strong></span> <span class='ocrx_word' id='word_1_272' title='bbox 175 3729 264 3790; x_wconf 88' lang='lat' dir='ltr'>Nisus</span> <span class='ocrx_word' id='word_1_273' title='bbox 278 3728 353 3786; x_wconf 90' lang='lat' dir='ltr'>abit:</span> <span class='ocrx_word' id='word_1_274' title='bbox 370 3731 485 3806; x_wconf 89' lang='lat' dir='ltr'>jamque</span> <span class='ocrx_word' id='word_1_275' title='bbox 498 3727 661 3803; x_wconf 90' lang='lat' dir='ltr'>imprudens</span> <span class='ocrx_word' id='word_1_276' title='bbox 674 3735 799 3788; x_wconf 83' lang='lat' dir='ltr'>evaserat</span> <span class='ocrx_word' id='word_1_277' title='bbox 811 3726 917 3803; x_wconf 87' lang='lat' dir='ltr'>hostes,</span> <span class='ocrx_word' id='word_1_278' title='bbox 959 3742 962 3750; x_wconf 87' lang='grc'><em>·</em></span> 
     </span>
    </p>
   </div>
   <div class='ocr_carea' id='block_1_6' title="bbox 175 3802 1127 4180">
    <p class='ocr_par' dir='ltr' id='par_1_39' title="bbox 175 3802 823 3883">
     <span class='ocr_line' id='line_1_42' title="bbox 175 3802 823 3883; baseline -0.005 -17"><span class='ocrx_word' id='word_1_279' title='bbox 175 3808 222 3867; x_wconf 83' lang='lat' dir='ltr'>Ad</span> <span class='ocrx_word' id='word_1_280' title='bbox 235 3808 314 3865; x_wconf 85' lang='lat' dir='ltr'>lucos</span> <span class='ocrx_word' id='word_1_281' title='bbox 326 3806 374 3883; x_wconf 91' lang='lat' dir='ltr'>qui</span> <span class='ocrx_word' id='word_1_282' title='bbox 386 3802 459 3882; x_wconf 78' lang='lat' dir='ltr'>pbst,</span> <span class='ocrx_word' id='word_1_283' title='bbox 472 3805 555 3864; x_wconf 82' lang='lat' dir='ltr'>Albas</span> <span class='ocrx_word' id='word_1_284' title='bbox 569 3805 604 3862; x_wconf 92' lang='lat' dir='ltr'>de</span> <span class='ocrx_word' id='word_1_285' title='bbox 617 3805 742 3879; x_wconf 88' lang='lat' dir='ltr'>nomine,</span> <span class='ocrx_word' id='word_1_286' title='bbox 756 3805 823 3863; x_wconf 84' lang='lat' dir='ltr'>dicti</span> 
     </span>
    </p>

    <p class='ocr_par' dir='ltr' id='par_1_40' title="bbox 175 3881 1008 3958">
     <span class='ocr_line' id='line_1_43' title="bbox 175 3881 1008 3958; baseline -0.008 -13"><span class='ocrx_word' id='word_1_287' title='bbox 175 3885 297 3958; x_wconf 82' lang='lat' dir='ltr'>Albani3</span> <span class='ocrx_word' id='word_1_288' title='bbox 318 3893 379 3943; x_wconf 91' lang='lat' dir='ltr'>tum</span> <span class='ocrx_word' id='word_1_289' title='bbox 392 3902 443 3942; x_wconf 83' lang='lat' dir='ltr'>rex</span> <span class='ocrx_word' id='word_1_290' title='bbox 455 3883 564 3942; x_wconf 91' lang='lat' dir='ltr'>stabula</span> <span class='ocrx_word' id='word_1_291' title='bbox 576 3882 631 3940; x_wconf 87' lang='lat' dir='ltr'>alta</span> <span class='ocrx_word' id='word_1_292' title='bbox 643 3883 762 3940; x_wconf 89' lang='lat' dir='ltr'>Latinus</span> <span class='ocrx_word' id='word_1_293' title='bbox 774 3881 903 3940; x_wconf 88' lang='lat' dir='ltr'>babebat.</span> <span class='ocrx_word' id='word_1_294' title='bbox 1002 3927 1008 3938; x_wconf 83' lang='grc'><strong>.</strong></span> 
     </span>
    </p>

    <p class='ocr_par' dir='ltr' id='par_1_41' title="bbox 176 3959 913 4039">
     <span class='ocr_line' id='line_1_44' title="bbox 176 3959 913 4039; baseline -0.011 -15"><span class='ocrx_word' id='word_1_295' title='bbox 176 3963 218 4025; x_wconf 89' lang='lat' dir='ltr'>Ut</span> <span class='ocrx_word' id='word_1_296' title='bbox 230 3965 315 4039; x_wconf 83' lang='lat' dir='ltr'>stetit,</span> <span class='ocrx_word' id='word_1_297' title='bbox 329 3971 358 4021; x_wconf 88' lang='lat' dir='ltr'>et</span> <span class='ocrx_word' id='word_1_298' title='bbox 369 3961 469 4020; x_wconf 84' lang='lat' dir='ltr'>lrustra</span> <span class='ocrx_word' id='word_1_299' title='bbox 481 3961 625 4020; x_wconf 90' lang='lat' dir='ltr'>absentem</span> <span class='ocrx_word' id='word_1_300' title='bbox 638 3959 762 4037; x_wconf 85' lang='lat' dir='ltr'>respexit</span> <span class='ocrx_word' id='word_1_301' title='bbox 774 3959 894 4018; x_wconf 84' lang='lat' dir='ltr'>amicum</span> <span class='ocrx_word' id='word_1_302' title='bbox 906 3977 913 4016; x_wconf 74' lang='grc' dir='ltr'><strong><em>ε</em></strong></span> 
     </span>
    </p>

    <p class='ocr_par' dir='ltr' id='par_1_42' title="bbox 176 4037 1127 4180">
     <span class='ocr_line' id='line_1_45' title="bbox 176 4037 1127 4122; baseline -0.015 -19"><span class='ocrx_word' id='word_1_303' title='bbox 176 4041 309 4122; x_wconf 88' lang='lat' dir='ltr'>Euryale,</span> <span class='ocrx_word' id='word_1_304' title='bbox 322 4040 422 4100; x_wconf 79' lang='lat' dir='ltr'>infelix</span> <span class='ocrx_word' id='word_1_305' title='bbox 434 4040 489 4119; x_wconf 81' lang='lat' dir='ltr'>qui</span> <span class='ocrx_word' id='word_1_306' title='bbox 502 4047 529 4098; x_wconf 92' lang='lat' dir='ltr'>te</span> <span class='ocrx_word' id='word_1_307' title='bbox 542 4039 656 4116; x_wconf 80' lang='lat' dir='ltr'>regione</span> <span class='ocrx_word' id='word_1_308' title='bbox 669 4037 789 4114; x_wconf 84' lang='lat' dir='ltr'>reliquii</span> <span class='ocrx_word' id='word_1_309' title='bbox 1071 4043 1127 4100; x_wconf 77' lang='lat'>390</span> 
     </span>
     <span class='ocr_line' id='line_1_46' title="bbox 328 4121 393 4180; baseline -0.015 0"><span class='ocrx_word' id='word_1_310' title='bbox 328 4125 365 4180; x_wconf 77' lang='lat'>20</span> <span class='ocrx_word' id='word_1_311' title='bbox 377 4121 393 4154; x_wconf 74' lang='lat'>⁸</span> 
     </span>
    </p>
   </div>
   <div class='ocr_carea' id='block_1_7' title="bbox 0 0 1366 4484">
    <p class='ocr_par' dir='ltr' id='par_1_43' title="bbox 0 0 1366 4484">
     <span class='ocr_line' id='line_1_47' title="bbox 0 0 1366 4484; baseline 0 0"><span class='ocrx_word' id='word_1_312' title='bbox 0 0 1366 4484; x_wconf 95' lang='lat' dir='ltr'> </span> 
     </span>
    </p>
   </div>
  </div>
 </body>
</html>
