3128 4456
661 335 814 390 ECLOGA
832 336 867 390 V.

275 483 354 566 Ergo
369 488 469 548 alacris
482 487 568 548 silvas
582 495 611 546 et
624 495 726 546 caetera
739 505 803 544 rura
816 485 947 564 voluptas

276 569 412 644 Panaque
424 576 607 644 pastoresque
620 574 709 642 tenet,
722 565 909 642 Dryadasque
922 557 1051 644 puellaa;

276 647 307 705 N
308 666 341 705 ee
355 647 439 723 lupus
452 646 569 705 insidias
582 646 689 722 pecori,
703 663 757 704 nec
771 645 842 702 retia
854 645 946 703 cervis

276 725 346 786 Ulla
358 725 455 784 dolum
468 726 657 784 meditantur:
679 731 755 782 amat
766 723 860 783 bonus
873 724 931 782 otia
944 723 1085 802 Daphnis.

277 806 337 882 Ipsi
349 805 447 863 laetitia
460 822 547 863 voees
561 803 596 861 ad
611 804 704 862 sidera
713 805 823 881 jactant

277 884 387 942 Intonsi
400 892 530 957 montes;
550 884 620 960 ipsoe
629 885 689 960 jam
704 881 829 940 earmina
842 901 935 959 rupes,

278 963 344 1040 Ipsa
357 971 459 1021 sonant
472 963 603 1020 arbusta:
624 979 711 1036 naus,
726 979 803 1018 naus
818 963 1068 1036 numanatensi

267 1037 269 1044 ⁴
315 1043 362 1100 Sis
375 1041 467 1100 bonus
482 1062 498 1100 ο
512 1040 639 1120 felixque
653 1041 727 1099 tuis!
744 1057 786 1097 'en
800 1048 921 1116 quatuor
934 1057 1014 1114 aras;

277 1121 356 1179 ane
370 1121 440 1179 duas
454 1120 515 1196 tibi,
529 1121 647 1198 Daphni
661 1139 669 1192 ς
691 1120 771 1193 duas,
787 1119 884 1177 altaria
896 1118 1017 1177 Phoebo.

159 1225 160 1228 ¹
277 1199 385 1258 Pocula
397 1200 465 1258 bina
478 1218 552 1258 novo
566 1199 726 1276 spumantia
739 1198 813 1256 lacte
826 1197 976 1274 quotannis

278 1279 465 1355 craterasque
478 1279 535 1338 duo
549 1286 669 1337 statuam
684 1277 736 1335 tibi
749 1279 862 1353 pinguis
875 1277 962 1348 olivi;

278 1359 318 1417 Et
331 1357 420 1416 multo
433 1358 463 1415 in
477 1356 575 1433 primis
588 1356 713 1413 hilarans
727 1355 859 1412 convivia
871 1354 997 1428 Baccho,

277 1439 354 1495 Ante
368 1436 472 1511 soeum,
487 1435 512 1492 si
524 1434 612 1510 frigus
626 1433 688 1507 erit,
703 1433 727 1490 si
741 1433 851 1506 messis,
865 1431 894 1488 in
908 1431 1018 1509 umbri,

197 1581 200 1588 ,
277 1515 355 1573 Vina
367 1534 473 1572 novum
486 1512 603 1571 fundam
616 1511 734 1570 calathis
749 1512 862 1568 Ariusia
874 1518 988 1568 nectar:

278 1593 442 1654 Cantabunt
453 1592 525 1651 mihi
539 1592 686 1649 Damoetas
701 1598 730 1648 et
742 1591 860 1666 Lyctius
874 1589 990 1665 AEgon3

232 1742 234 1746 Ι
279 1671 419 1731 Saltantes
434 1673 548 1748 Satyros
561 1670 716 1730 imitabitur
728 1669 938 1746 Alphesiboeus.

279 1752 352 1810 Hoee
365 1752 417 1810 tibi
431 1769 543 1828 semper
557 1758 648 1824 erunt,
663 1758 691 1807 et
703 1768 792 1825 quum
805 1748 944 1806 solemnia
955 1756 1022 1807 vota

277 1831 444 1896 Reddemus
456 1829 612 1908 Nymphis,
626 1837 655 1888 et
668 1847 755 1905 quum
769 1827 948 1900 lustrabimus
962 1845 1051 1904 agros.

277 1910 356 1967 Dum
366 1913 436 1990 juga
450 1909 553 1968 montis
567 1927 643 1985 aper,
657 1907 759 1964 fluvios
773 1907 841 1964 dum
853 1905 938 1983 piscia
953 1906 1067 1981 amabit,

277 1986 413 2066 Dumque
426 1989 525 2066 thymo
538 1995 690 2065 pascentur
703 2003 780 2063 apes,
795 1986 939 2052 dumrore
952 1984 1068 2060 cicade,

279 2067 399 2145 Semper
410 2068 502 2126 honos
514 2085 676 2144 nomenque
689 2073 769 2125 tuum
782 2065 938 2140 laudesque
952 2062 1115 2122 manebunt.
1163 2067 1166 2074 '

278 2147 321 2206 Ut
332 2147 449 2206 Baeebo
463 2146 627 2224 cererique,
642 2145 694 2203 tibi
706 2145 748 2213 sie
760 2152 827 2202 vota
840 2143 991 2220 quotannis
1010 2202 1013 2210 ,

278 2226 419 2303 Agricolae
432 2226 555 2292 facient:
577 2224 725 2283 damnabis
739 2232 769 2282 tu
783 2240 895 2300 quoque
907 2221 989 2282 votis.

699 2363 820 2402 morsus·

214 2497 218 2504 .
279 2423 352 2496 Quae
365 2423 427 2499 tibi,
441 2443 504 2502 que
517 2423 567 2483 tali
580 2423 695 2482 reddam
708 2443 759 2500 pro
773 2421 897 2481 carmine
911 2421 1008 2479 dona?

277 2503 309 2562 N
310 2522 355 2561 am
369 2521 463 2581 neque
477 2523 524 2561 me
537 2501 646 2562 tantirm
659 2501 800 2560 venientis
814 2501 912 2558 sibilus
926 2498 1022 2575 austri,

277 2582 309 2640 N
310 2601 343 2640 ee
356 2601 489 2660 pereussa
498 2584 600 2661 jurant
612 2581 700 2640 fluctu
713 2588 770 2638 tam
783 2580 885 2654 littora,
899 2598 952 2638 nee
966 2596 1029 2656 quae
1082 2581 1085 2586 '
1139 2647 1141 2652 Ι

280 2661 401 2720 Saxosas
414 2661 488 2718 inter
502 2662 652 2718 decurrunt
664 2659 782 2717 flumina
794 2658 892 2731 valles.

278 2856 386 2916 Haste
399 2795 940 2932 nasammonaallliliilaua

279 2937 351 2994 Haee
364 2955 426 3010 noa,
448 2935 644 2993 “Formosum
658 2932 790 3009 Corydon
806 2931 920 2989 ardebat
933 2929 1038 2989 Alexin
1050 2928 1080 2986 :”

279 3015 351 3074 Haee
364 3015 464 3080 eadem
478 3013 582 3088 docuit,
604 3013 623 3048 “
633 3013 738 3091 Cujum
751 3030 838 3089 pecus
849 3013 860 3068 i
881 3029 917 3068 an
930 3007 1061 3068 Meliboei
1071 3006 1105 3066 θ’

279 3215 318 3272 At
331 3219 361 3272 tu
375 3231 455 3271 sume
468 3211 582 3288 pedum,
596 3209 682 3288 quod,
696 3149 843 3286 rlibpslrlilin
857 3203 932 3286 saepd
946 3212 1066 3283 rogaret,

278 3293 309 3351 N
310 3313 347 3350 on
360 3291 424 3350 tulit
436 3289 594 3365 Antigenes
611 3287 654 3367 (et
666 3297 726 3348 erat
738 3297 798 3348 tum
812 3289 913 3364 dignus
927 3284 1042 3364 amari),

280 3371 447 3432 Formosum
460 3369 575 3448 paribus
588 3367 670 3428 nodis
684 3374 768 3446 atque
782 3385 846 3444 aere,
859 3363 1002 3425 Menalca.

471 3445 517 3506 20
