3076 4514
592 375 708 428 LIBER
727 375 776 430 vl.

192 523 225 584 N
227 543 260 582 ec
273 543 332 582 non
347 523 455 582 AEneas
470 541 557 601 opera
569 524 643 583 inter
656 525 724 584 talia
735 524 843 602 primus

193 603 333 661 Hortatur
346 603 448 678 socios,
461 603 636 680 paribusque
651 604 806 680 accingitur
819 605 919 664 armis:

192 684 290 759 Atque
303 682 366 740 brec
376 681 437 758 ipse
451 699 502 739 suo
516 683 587 742 tristi
600 700 665 740 cum
679 683 764 741 corde
778 682 896 760 volutat,
1112 690 1166 746 185

192 761 373 839 Adspectans
387 759 487 818 silvam
501 759 679 837 immensam,
695 761 774 822 etsie
787 781 861 822 voce
874 769 1004 840 precatur
1016 786 1023 823 ε

195 840 227 898 Si
240 859 318 898 nnnc
332 857 363 898 se
376 839 458 902 nobis
471 838 520 896 illc
534 859 637 900 aureus
651 840 749 900 arbore
762 860 856 900 ramus

194 919 335 979 Ostendat
348 937 465 976 nemore
478 917 508 975 in
519 921 615 978 tanto!
637 921 750 996 quando
765 919 861 978 omnia
873 918 952 998 verb,
1056 931 1061 944 ·

193 997 280 1056 Heu!
302 994 423 1056 nimldm
438 998 473 1055 dc
487 1005 516 1056 te
528 1006 619 1075 vates,
633 998 758 1074 Misene,
772 999 868 1059 locuta
881 1007 932 1058 est

193 1077 255 1135 Vix
268 1095 303 1135 ea
315 1076 388 1135 fatus
402 1083 470 1151 erat,
485 1077 608 1152 gemiure
622 1097 709 1153 quum
724 1073 795 1136 forti
810 1078 950 1138 columbae
1112 1085 1166 1138 190

194 1155 263 1234 lpse
276 1155 329 1213 sub
343 1175 392 1213 cra
404 1155 458 1212 viri
472 1156 544 1214 cralo
557 1154 664 1215 vendre
677 1156 817 1232 volantes,

194 1235 237 1295 Et
247 1234 332 1294 viridi
345 1230 446 1292 sedere
460 1234 530 1293 solo.
571 1235 647 1293 Tum
661 1234 805 1296 maximus
818 1235 903 1294 heros
948 1289 954 1302 ,

194 1313 341 1372 Maternas
356 1313 484 1389 agnoscit
496 1331 573 1388 aves,
587 1313 726 1391 laetusque
740 1321 886 1390 precatur:
903 1373 906 1382 ¹

195 1393 267 1451 Este
282 1393 379 1466 duces,
395 1411 422 1466 c,
436 1391 461 1449 si
474 1411 531 1468 qua
542 1392 590 1450 via
603 1401 655 1468 est,
670 1411 840 1468 cursumque
853 1411 905 1470 per
918 1413 999 1452 auras

195 1471 317 1548 Dirigitc
331 1471 361 1531 iu
374 1469 455 1528 lucos
468 1471 518 1528 ubi
531 1469 667 1547 pinguem
682 1470 763 1530 dives
776 1479 877 1548 opacat
1113 1479 1167 1532 195

194 1551 304 1609 Remus
317 1549 446 1608 humum.
487 1550 600 1626 Tuque,
615 1569 642 1626 c,
656 1549 750 1616 dubiis
763 1569 801 1608 ne
814 1549 906 1613 defice
919 1550 1012 1626 rebus,

195 1629 272 1688 Diva
284 1647 395 1707 pareus.
438 1628 486 1686 Sic
501 1627 612 1704 effatus,
625 1629 746 1724 vestigia
758 1629 870 1707 pressit,
974 1673 979 1680 -

197 1708 359 1768 Observans
373 1726 437 1784 quae
453 1707 533 1784 signa
545 1707 646 1784 ferant,
661 1728 718 1786 quo
732 1708 849 1767 tendere
862 1718 991 1786 pergant.

195 1787 351 1846 Pascentes
364 1786 421 1844 illae
435 1783 545 1845 tantdm
557 1787 670 1864 prodire
682 1788 805 1846 volando

198 1863 343 1938 Quantirm
357 1867 419 1924 acie
432 1874 548 1944 possent
561 1867 638 1924 oculi
652 1885 763 1925 servare
777 1865 957 1944 sequentdm.

196 1945 279 2022 Inde,
293 1945 344 2002 ubi
357 1943 463 2004 vendre
478 1946 513 2003 ad
526 1937 624 2004 falices
638 1945 826 2022 graveolentis
838 1945 957 2021 Averni,

196 2025 315 2084 Tollunt
327 2043 358 2082 se
372 2024 498 2098 celeres;
518 2024 714 2102 liquidumque
728 2043 780 2102 per
793 2027 858 2082 abra
870 2023 968 2104 lapse,

198 2104 320 2162 Sedibus
335 2104 437 2182 optatis
450 2104 572 2180 geminae
586 2122 673 2181 super
685 2103 783 2163 arbore
797 2103 901 2180 sidunt,
995 2099 998 2108 ’

197 2183 330 2243 Discolor
343 2182 419 2242 uude
434 2183 494 2240 auri
507 2201 558 2260 per
570 2202 663 2242 ramos
678 2203 746 2242 aura
758 2182 875 2242 refulsit

199 2262 292 2334 Quale
305 2262 378 2320 solet
391 2262 469 2320 silvis
482 2262 603 2322 brumali
616 2262 719 2339 frigore
732 2263 844 2322 mecum

197 2341 311 2400 Fronde
324 2342 415 2400 virere
427 2342 512 2418 nord,
527 2341 603 2419 qnod
616 2362 674 2401 non
688 2362 740 2401 sua
752 2342 875 2405 seminat
887 2341 978 2419 arbos,

197 2421 238 2480 Et
251 2440 350 2480 croceo
363 2421 433 2480 foetu
447 2429 551 2480 teretes
565 2422 740 2480 circumdare
753 2429 869 2484 buncos
882 2442 888 2480 :

197 2499 276 2558 Talis
290 2509 349 2558 erat
361 2501 472 2577 species
486 2502 545 2560 auri
558 2500 715 2560 frondentis
728 2501 820 2579 opaci

198 2579 287 2652 Ilice;
308 2579 348 2636 sic
362 2579 421 2637 leni
436 2579 590 2656 crepitabat
601 2580 716 2638 bractea
728 2588 822 2639 vento.

198 2657 322 2734 Corripit
335 2657 444 2714 AEneas
459 2658 614 2734 externplo,
628 2659 784 2735 avidusque
798 2658 925 2734 refringit

198 2737 398 2810 Cunctantem,
415 2742 444 2793 et
456 2736 528 2793 vatis
541 2741 633 2812 portat
643 2737 696 2794 sub
709 2744 785 2794 tecta
799 2736 925 2812 Sibyllae.

236 2815 267 2873 N
269 2833 302 2872 ec
316 2811 410 2871 minirs
423 2813 531 2871 interea
547 2813 694 2872 Misenum
708 2815 737 2871 in
750 2814 844 2872 littore
857 2813 965 2876 Teucri

197 2893 330 2966 Flebant,
344 2899 374 2950 ct
386 2892 475 2950 cineri
488 2892 596 2966 ingrato
611 2910 744 2968 suprema
756 2890 893 2950 ferebant.

199 2971 344 3049 Principio
357 2971 493 3048 pinguem
507 2969 589 3038 taedis
603 2978 632 3029 et
644 2970 743 3028 robore
757 2977 834 3028 secto

199 3053 348 3129 Ingentem
363 3049 490 3109 struxere
503 3049 622 3126 pyrar'n3
643 3049 691 3108 cui
702 3048 849 3108 frondibus
862 3048 928 3108 atris

200 3131 336 3190 intexunt
349 3130 445 3206 latera,
459 3137 488 3189 et
498 3128 601 3200 ferales
615 3125 680 3188 antei
695 3146 843 3207 cupressos

200 3210 393 3286 Constituunt,
407 3209 597 3286 decorantque
611 3205 696 3287 super
708 3205 883 3284 fulgentibus
896 3207 989 3266 armis.

199 3289 269 3348 Pars
283 3289 389 3348 calidos
402 3288 500 3348 latices
515 3295 544 3347 ct
557 3287 649 3348 ahena
660 3285 797 3347 undantia
808 3286 929 3346 flammis
990 3325 992 3336 ,

200 3369 378 3446 Expediuut,
392 3387 549 3447 corpusque
562 3368 658 3426 lavant
669 3367 796 3444 frigentis
809 3374 839 3427 et
851 3373 971 3443 ungunt.

200 3449 250 3509 Fit
262 3447 403 3524 gemitus:
424 3455 483 3506 tum
498 3446 626 3506 membra
638 3455 698 3506 toro
712 3445 816 3504 delleta
827 3453 986 3524 reponuut3

201 3527 418 3604 purpureasque
431 3524 517 3604 super
528 3533 632 3601 vestes,
646 3525 788 3584 velamina
799 3532 874 3600 note,

203 3605 375 3684 Coujicinut.
415 3605 485 3663 Pars
498 3603 607 3682 ingenti
620 3601 732 3662 subidre
744 3603 856 3681 feretro,

203 3685 297 3746 'l'ristc
311 3683 508 3760 ministerium,
523 3692 553 3742 et
565 3682 720 3761 subjectam
733 3681 811 3740 mo¹rs
823 3680 972 3760 parentem

114 3759 117 3772 '
204 3765 306 3826 Aversi
319 3761 436 3823 tenuere
449 3764 560 3822 facem:
583 3768 718 3836 congesta
730 3768 889 3820 cremantur

204 3845 321 3904 'l'burea
334 3845 417 3918 dona,
432 3843 528 3919 dapes,
542 3841 605 3899 fuso
618 3846 740 3898 crateres
754 3839 838 3896 olivo.

204 3921 490 4060 P⁰⁸tq¹¹³¹⁰l⁰5⁰¹J³P⁸i
503 3919 622 3996 cineres,
637 3926 666 3976 et
678 3917 792 3976 flamme
804 3914 921 3993 quievit,
