2712 4488
552 389 666 444 close
683 391 733 444 IX.

156 540 327 618 Purpureus
340 541 429 601 veluti
442 559 529 618 quum
541 540 594 599 llos
608 540 736 600 succisus
750 547 839 599 aratm

157 621 336 696 Languescit
348 621 471 679 moriens
481 639 489 693 ;
510 619 621 678 lassove
633 638 774 697 papavera
785 619 859 676 collo

158 697 314 757 Demisbre
327 708 420 776 capot,
434 698 532 774 pluvii
545 717 631 776 quum
644 695 716 756 lortb
730 705 888 774 gravantur.

157 777 199 835 Aa
213 777 304 836 Nisus
317 778 373 836 ruit
385 779 414 836 in
428 777 547 852 medios,
561 777 710 857 solumque
722 795 773 853 per
786 795 886 835 omnes

159 855 349 914 Volscentem
362 857 443 934 petit,
456 856 486 914 in
500 857 560 914 solo
574 855 730 914 Volsceute
743 862 889 914 moratus*

94 964 97 970 .
161 934 261 1006 Quem
271 935 377 992 circum
388 935 534 1010 glomerati
543 935 639 993 hostes
649 934 717 992 hinc
728 933 887 993 comminus
898 941 982 1012 atque
991 933 1060 994 binc
1071 940 1130 994 440

159 1013 334 1072 Protorbant
345 1033 361 1087 ι,
372 1014 458 1072 instat
470 1031 527 1071 non
541 1011 645 1088 secius,
659 1030 692 1070 ac
705 1021 778 1072 rotat
790 1031 889 1072 ensem

160 1091 367 1164 Fulmineum3
388 1093 479 1151 donec
492 1091 595 1151 Rutuli
607 1091 755 1152 clamantis
767 1091 797 1150 in
811 1110 860 1149 ore

161 1163 300 1230 Condidit
313 1172 440 1246 adverso,
455 1178 484 1230 et
496 1171 619 1230 moriens
633 1170 755 1228 animam
769 1169 884 1230 abstulit
896 1171 980 1231 hosti.

160 1249 241 1310 Turn
255 1268 339 1327 super
352 1251 515 1308 exanimum
529 1267 591 1307 sese
604 1249 724 1326 projecit
737 1249 860 1308 amicum

161 1327 329 1404 Confossus,
343 1327 510 1406 placidique
524 1327 565 1384 ibi
578 1328 694 1385 demum
708 1335 797 1386 morte
809 1328 937 1404 quievit·
1073 1333 1130 1391 445

202 1407 352 1466 Fortunati
366 1406 458 1480 ambo,
473 1406 579 1483 siquid
593 1423 658 1463 mea
671 1405 797 1462 carmina
808 1412 936 1484 possunt,

72 1541 73 1544 ,
161 1485 193 1544 N
195 1484 254 1542 ulla
266 1485 327 1543 dies
340 1501 465 1560 unquam
478 1485 599 1542 memori
611 1502 663 1542 vos
677 1483 784 1542 eximet
797 1501 868 1559 aevo,

162 1565 243 1622 Dum
257 1564 357 1621 domus
371 1563 474 1622 AEnem
490 1561 613 1640 Capitoli
626 1561 772 1621 immobile
786 1581 886 1622 saxum

163 1641 294 1717 Accolet,
307 1641 515 1719 imperiumque
528 1649 608 1718 pater
620 1642 768 1700 Romanus
781 1641 906 1702 habebit.

203 1721 335 1778 Victores
348 1721 445 1798 praedi
457 1721 560 1779 Rutuli
573 1720 728 1799 spoliisque
740 1721 824 1797 potiti

163 1799 350 1858 Volscentem
364 1801 527 1858 exanimum
540 1800 641 1858 flentes
654 1799 684 1858 in
699 1807 790 1858 castra
802 1799 939 1860 serebant.

163 1879 230 1938 Nec
244 1879 335 1936 minor
348 1879 377 1938 iu
391 1879 490 1938 castris
503 1879 604 1954 lomus,
618 1878 781 1936 Rhamnete
795 1887 906 1956 reperto

163 1958 323 2033 Exsangui,
338 1965 367 2016 et
378 1958 476 2034 primis
488 1958 546 2016 uni
559 1965 601 2017 tot
613 1957 692 2015 cede
706 1959 870 2034 peremptis,

164 2037 352 2113 Serranoque,
365 2037 520 2114 Numaque
531 2056 539 2110 ;
560 2037 661 2112 ingens
674 2055 829 2094 concursus
843 2038 879 2094 ad
892 2037 955 2114 ipsa

164 2116 300 2192 Corpora,
315 2115 528 2192 seminecesque
542 2116 626 2190 viros,
640 2115 793 2192 tepidique
806 2125 949 2175 recentem

164 2195 254 2254 eade
268 2194 371 2270 locum,
386 2201 415 2252 et
426 2195 511 2272 pleno
525 2203 688 2272 spumantes
702 2195 839 2270 sanguine
852 2195 935 2254 rivos.

164 2276 332 2349 Agnoscunt
344 2273 436 2350 spolia
447 2273 521 2332 inter
533 2293 574 2349 se,
588 2273 754 2350 galeamque
767 2273 906 2334 nitentem

164 2352 302 2430 Messapi,
317 2361 346 2413 et
358 2352 446 2412 multo
458 2351 589 2432 phaleras
602 2353 703 2410 sudore
717 2361 853 2430 receptas.

204 2432 244 2490 Et
252 2434 313 2510 jam
325 2432 417 2510 prima
430 2450 504 2491 novo
516 2432 665 2509 spargebat
677 2431 786 2491 lumine
799 2441 886 2491 terras

165 2510 283 2568 Tithoni
297 2530 428 2569 croceum
442 2511 572 2586 linquens
586 2513 696 2569 Aurora
709 2511 821 2584 cubile3

164 2589 228 2646 Jarn
242 2590 301 2647 sole
315 2589 418 2664 infuso,
429 2591 489 2667 jam
503 2589 587 2646 rebus
601 2590 666 2647 luce
679 2591 801 2664 retectis,

166 2668 282 2724 Turnus
294 2668 324 2724 in
338 2687 415 2724 arma
427 2667 511 2741 viros,
526 2667 610 2724 armis
624 2667 812 2726 circumdatus
825 2668 898 2745 ipse,

168 2745 299 2819 Suscitat,
313 2753 466 2820 oeratasque
481 2746 556 2802 acies
568 2745 599 2802 in
612 2744 712 2822 proelia
724 2745 817 2820 cogit:

168 2824 296 2901 Quisque
310 2841 394 2896 suos3
415 2823 557 2898 variisque
571 2830 676 2881 acuunt
689 2822 846 2880 mmoribus
859 2823 923 2882 iras.

168 2902 245 2974 Quin
260 2901 321 2980 ipsa
334 2901 456 2976 arrectis,
467 2901 531 2958 visu
546 2899 715 2975 miserabile,
729 2901 759 2958 in
772 2901 860 2959 hastis

166 2981 323 3057 Prefigont
335 2981 436 3056 capita,
451 2987 479 3038 et
493 2980 582 3038 multo
596 2978 718 3037 elamore
731 2986 897 3055 sequuntur,

167 3060 284 3136 Euryali
298 3067 326 3118 et
339 3059 413 3118 Nisi.

167 3138 305 3197 AEneadoe
318 3138 380 3197 duri
393 3156 535 3198 murorum
547 3137 577 3196 in
590 3145 670 3214 parte
683 3137 795 3196 sinistra

168 3215 334 3294 Opposueire
347 3217 446 3292 aciem,
460 3237 527 3275 nam
540 3217 657 3276 dextera
669 3216 791 3293 cingitur
803 3213 889 3290 amni,

169 3296 358 3373 Ingentesque
370 3303 469 3355 tenent
480 3295 579 3370 fossas,
593 3303 623 3354 et
635 3295 757 3355 turribus
771 3295 834 3354 altis

170 3375 251 3432 Stant
263 3375 372 3434 moesti:
393 3375 476 3433 simul
490 3394 538 3432 ora
550 3373 643 3432 sirim
656 3375 775 3451 praefixa
786 3371 948 3450 movebant,

168 3452 246 3510 Nota
257 3452 341 3511 nimis
355 3453 472 3527 miseria,
486 3461 602 3528 atroque
614 3453 732 3512 fluentis
744 3451 818 3511 tabo.

169 3530 282 3588 Interea
313 3531 421 3588 avidam
434 3531 555 3589 volitans
569 3543 690 3606 pennata
702 3550 754 3607 per
765 3531 866 3590 urbem

168 3607 279 3667 Nuntia
291 3551 365 3666 lama
376 3609 442 3683 ruit,
454 3608 607 3684 matrisque
621 3608 758 3668 adlabitur
771 3629 851 3668 aures

169 3687 304 3762 Euryali:
326 3694 354 3745 at
366 3686 475 3745 subitus
488 3686 598 3744 misem
612 3687 689 3744 calor
701 3705 765 3745 ossa
776 3688 906 3765 reliqnit;

169 3765 293 3826 Excussi
306 3763 434 3822 manibus
447 3764 527 3838 radii,
542 3763 723 3839 revolutaque
736 3783 843 3840 pensa:

53 3911 55 3916 ,
170 3844 274 3903 Evolat
285 3842 393 3918 infelix,
408 3850 437 3902 et
448 3842 582 3900 immines
595 3841 713 3917 ululatu,

171 3923 266 3984 Scissa
277 3941 396 3998 comam,
410 3939 507 3980 muros
521 3939 619 3978 amens
632 3927 715 3997 atque
729 3920 843 3996 agmina
854 3939 940 3980 cursu
