2712 4488
192 523 245 581 iffi
588 518 765 578 AENDIDOS

139 707 143 713 ·
192 674 325 751 Prorupit
332 673 458 752 juvenis,
473 689 592 750 seseque
605 669 758 729 immiscuit
771 668 864 728 armis.

120 779 123 786 ⁴
192 754 313 830 Jamque
327 751 498 828 assurgentis
513 751 621 826 derbi,
635 749 802 827 plagamque
815 747 940 827 serentis,

194 831 295 889 AEneae
308 830 395 889 subiit
408 847 580 904 mucronem,
594 828 743 906 ipsumque
757 827 893 887 morando

195 909 350 968 Sustinuit:
372 898 445 968 socii
455 925 557 984 magno
571 906 692 965 clamore
706 913 872 984 sequuntur,
932 916 935 922 '

194 989 272 1046 Dum
285 987 394 1064 genitor
407 987 466 1045 nati
478 987 575 1064 parmi
587 993 729 1062 protectus
742 985 832 1055 abiret
839 1005 849 1059 3

194 1065 501 1145 Telaque-conjiciunt,
514 1063 732 1142 proturbantque
746 1064 856 1122 eminus
869 1064 982 1122 hostem

193 1145 368 1204 Missilibus:
389 1145 456 1202 lurit
467 1143 585 1217 AEneas,
599 1150 746 1219 tectusque
760 1150 838 1201 tenet
850 1161 890 1200 se.

193 1227 238 1283 hc
251 1224 329 1282 velut
342 1219 432 1282 effusi
446 1222 470 1280 si
484 1223 595 1298 quaudo
609 1222 744 1298 grandine
756 1220 846 1279 nimbi

191 1297 383 1379 ,Praecipitant
398 1301 489 1359 omnis
503 1299 610 1378 campis
623 1299 734 1376 diffugit
748 1308 845 1377 arator,

192 1380 294 1441 Omnis
309 1387 337 1438 et
350 1380 482 1456 agricola,
496 1383 525 1438 et
538 1380 598 1438 tuti
611 1378 680 1437 latet
693 1397 756 1436 arce
766 1379 864 1455 viator,

193 1460 253 1517 Aut
266 1459 355 1517 amnis
369 1459 445 1538 ripis,
460 1467 508 1516 aut
522 1458 570 1516 alti
583 1457 690 1518 fornice
704 1457 774 1533 saxi,

194 1538 272 1595 Dum
285 1537 357 1615 pluit
368 1538 397 1595 in
412 1537 502 1613 terris,
516 1545 549 1595 ut
561 1537 679 1614 possint,
693 1537 754 1594 sole
766 1537 892 1612 reducto,

194 1615 337 1675 Exercere
351 1616 446 1674 diem:
468 1617 508 1675 sic
523 1616 638 1674 obrutus
651 1616 776 1691 undique
790 1616 854 1673 telis

194 1691 302 1754 AEneas
315 1695 420 1754 nubem
433 1694 512 1769 belli,
527 1696 595 1752 dum
609 1695 733 1769 detonet,
747 1713 861 1752 omnem

195 1774 329 1849 Sustinet,
343 1783 372 1833 et
385 1776 509 1833 Lausum
523 1773 680 1849 increpitat,
694 1774 847 1848 Lausoque
860 1771 998 1832 minatur:

195 1849 271 1927 Qut,
286 1853 427 1929 moriture,
441 1853 519 1909 ruis?
540 1854 701 1929 majoraque
714 1851 820 1908 viribus
835 1851 943 1908 audes?

85 1930 88 1938 '
194 1930 281 1989 Fallit
292 1939 321 1989 te
333 1931 477 1989 incautum
491 1930 581 2006 pictas
595 1938 651 1987 tua.
692 1930 757 1988 Nec
770 1926 863 1986 minias
877 1928 926 1987 ille

194 2009 327 2069 Exsultat
340 2010 473 2068 demens:
495 2027 578 2066 sevae
586 2010 705 2088 jamque
720 2005 802 2067 altids
815 2009 864 2066 irae

193 2087 339 2147 Dardanio
353 2096 469 2165 surgunt
483 2088 601 2165 ductori,
616 2096 798 2166 extremaque
812 2089 906 2146 Lauso

194 2165 290 2225 Parce
304 2167 352 2224 fila
364 2168 480 2243 legunt3
500 2164 864 2244 validumnamqueexigit
877 2183 975 2225 ensem

193 2243 251 2302 Per
263 2246 388 2303 medium
401 2247 511 2304 AEneas
520 2248 668 2324 juvenem,
682 2255 829 2323 totumque
842 2245 978 2304 recondit.

194 2322 319 2382 Transiit
331 2331 360 2381 et
372 2343 497 2401 parmam
511 2343 619 2400 mucro,
632 2323 707 2382 levis
720 2342 797 2381 arma
809 2324 937 2399 minacia,

194 2398 234 2457 Et
247 2401 382 2475 tunicam,
396 2402 474 2458 molli
488 2411 577 2461 mater
589 2421 674 2478 quam
688 2409 804 2460 neverat
818 2421 903 2475 auro;

194 2475 384 2556 Implevitque
398 2481 490 2537 sinum
503 2481 635 2554 sanguis:
656 2488 716 2537 tum
729 2481 787 2538 vita
799 2498 850 2556 per
864 2499 944 2538 auras
1042 2475 1046 2484 '

194 2556 343 2616 Coucessit
356 2566 456 2616 moesta
469 2559 504 2614 ad
518 2559 631 2632 Manes,
646 2577 802 2634 corpusque
816 2558 936 2634 reliquit

232 2633 352 2693 atvero
365 2645 398 2695 ut
410 2635 518 2694 vultum
531 2635 602 2694 vidit
615 2637 759 2694 morientis
773 2643 802 2693 ct
816 2655 873 2711 ora,

194 2713 252 2772 Ora
264 2714 364 2791 modis,
378 2714 575 2789 Anchisiades,
591 2715 726 2792 pallentia
739 2715 825 2789 miris,

195 2791 336 2869 Ingemuit
349 2795 485 2853 miserans
499 2794 627 2870 grauiter,
642 2795 825 2870 dextramque
839 2793 974 2868 tetendit;

194 2871 234 2930 Et
247 2883 370 2932 mentem
383 2874 481 2951 patriae
496 2873 582 2932 subiit
594 2875 707 2951 pietatis
722 2874 832 2950 imago:

195 2950 272 3021 Quid
286 2953 338 3010 tibi
350 2973 436 3029 nunc,
447 2953 605 3011 miserande
618 2973 697 3030 puer,
711 2972 761 3030 pro
775 2953 905 3012 laudibus
918 2952 987 3027 istis,

195 3029 272 3104 Quid
285 3032 349 3109 pius
363 3032 469 3092 AEneas
482 3033 560 3090 tanti
573 3032 651 3090 dabit
663 3033 759 3092 indole
773 3033 912 3109 dignum?

193 3110 291 3185 Arma,
305 3111 405 3187 quibus
418 3113 539 3187 laetatus,
553 3111 627 3169 habe
640 3120 704 3185 tua;
725 3121 809 3190 teque
817 3108 973 3188 ‘parentiam‘

194 3188 329 3248 Manibus
343 3197 372 3247 et
385 3191 482 3265 cineri,
497 3191 521 3248 si
535 3209 590 3266 qua
604 3199 647 3248 est
660 3211 694 3248 ea
707 3209 783 3265 cura,
798 3191 918 3248 remitto.

195 3265 260 3322 Hoc
273 3274 366 3324 tamen
380 3268 480 3325 infelix
494 3269 624 3326 miseram
638 3269 765 3326 solabere
780 3276 914 3339 mortem;

194 3343 295 3406 AEneae
309 3345 403 3418 magni
417 3346 515 3403 dextrd
527 3347 612 3402 cadis.
655 3345 788 3422 Increpat
800 3345 873 3402 ultro

195 3421 367 3479 Cunctantes
382 3423 481 3498 socios,
497 3431 525 3481 et
534 3423 610 3480 terra
624 3423 753 3480 sublevat
766 3424 866 3499 ipsum,
909 3475 911 3478 ,

196 3499 340 3574 Sanguine
353 3509 511 3577 turpantem
526 3509 654 3578 comptos
668 3502 703 3558 dc
718 3520 796 3562 more
810 3500 935 3577 capillos.

232 3577 345 3636 Interea
358 3579 468 3653 genitor
481 3580 609 3637 Tiberini
624 3581 658 3637 ad
669 3580 794 3638 fluminis
808 3581 914 3638 undam

195 3655 324 3714 Vulnera
337 3655 460 3736 sicqabat
472 3659 604 3735 lymphis,
619 3678 774 3736 corpusque
787 3659 909 3733 levabat,

194 3733 310 3794 Arboris
324 3735 438 3795 acclinis
451 3745 566 3796 trunco:
587 3738 684 3814 procul
699 3757 772 3796 aerea
785 3739 868 3796 ramis

195 3815 349 3891 Dependet
361 3815 450 3892 galea,
465 3826 493 3873 et
506 3824 584 3892 prato
598 3817 692 3892 gravia
706 3837 782 3874 arma
795 3818 952 3893 quiescunt

198 3893 279 3951 Stant
292 3892 358 3952 lecti
371 3891 477 3952 circrlm
487 3898 625 3975 juvenes:
646 3895 707 3972 ipse
721 3913 803 3969 aegcr,
818 3895 963 3967 anhelans,
997 3908 1000 3917 ·

196 3970 277 4028 Colla
290 3971 375 4046 fovet,
388 3972 467 4032 lusus
481 3991 635 4050 propexam
649 3974 678 4030 in
692 3979 805 4048 pectore
818 3973 945 4030 barbam.

196 4047 290 4108 Multa
302 4069 386 4127 super
400 4054 493 4110 Lauso
506 4051 614 4126 rogitat,
630 4051 806 4124 multumque
819 4047 934 4135 remittit
