3076 4514
503 463 507 470 ι
626 385 740 444 ursus
758 389 780 444 1.
1131 393 1168 452 uo

201 485 289 596 Unde
301 535 360 595 buc
374 536 495 612 advari,
509 554 664 614 regemque
675 491 806 616 petamus
816 540 952 600 Acesten.

201 613 321 675 Talibus
336 615 480 676 llioueus:
501 615 599 676 cuncti
610 617 696 676 simul
709 635 757 675 ore
770 618 928 680 lremebant

200 692 384 752 Dardanidae.
674 723 677 728 -
1107 705 1167 778 ,⁶⁶⁰
1260 741 1263 748 .
1334 672 1339 689 ¹

240 771 317 832 Tum
330 773 454 834 breviter
466 773 554 850 Dido,
568 772 679 834 vultum
692 775 824 852 demissa,
837 776 978 853 profatur:

202 849 311 910 Solvite
324 853 410 912 corde
423 861 541 927 metum,
554 852 678 927 Teucri3
699 854 836 914 secludite
848 873 939 917 curos.

200 927 262 989 Res
275 931 346 989 dura
358 940 387 992 et
399 931 479 1009 regni
492 932 603 992 novitas
616 951 663 990 me
675 932 743 992 talis
755 941 862 1010 cogunt

200 1007 309 1086 Moliri,
323 1019 353 1070 et
368 1007 425 1070 latd
440 1011 512 1072 lines
525 1011 645 1070 custode
658 1011 739 1070 tueri.

202 1086 275 1159 Quis
289 1108 380 1166 genus
391 1090 568 1167 AEneadurn,
582 1091 645 1167 quis
659 1091 753 1184 Trojae
766 1092 874 1151 nesciat
886 1093 998 1172 urbem,

200 1165 396 1246 virtutesque,
409 1171 553 1247 virosque,
568 1177 617 1231 sut
629 1170 699 1229 tanti
712 1171 845 1229 incendia
856 1171 946 1232 belli?

200 1245 231 1304 N
232 1267 269 1304 on
283 1248 385 1308 obtusa
398 1247 470 1307 oded
484 1259 627 1324 gestamus
639 1257 756 1326 pectora
767 1249 869 1324 Poeui;

199 1325 231 1384 N
231 1344 265 1384 ec
279 1336 337 1386 tarn
350 1345 466 1387 aversus
479 1345 568 1402 equos
581 1327 670 1403 Tyria
683 1327 725 1385 sol
734 1329 829 1405 iungit
842 1329 877 1387 ab
891 1329 969 1388 urbe.

200 1405 260 1463 Seu
273 1425 325 1464 vos
339 1405 509 1482 Hesperiam
523 1423 654 1480 magnam
669 1405 856 1482 Saturniaque
870 1426 945 1483 orvs,

200 1483 269 1542 Sive
283 1484 385 1560 Erycis
399 1483 472 1542 flues
485 1501 639 1564 regemque
653 1483 756 1560 sputis
766 1484 902 1562 Acesten,

198 1561 316 1621 Auxilio
329 1570 406 1622 tutos
419 1561 570 1637 dimittam,
584 1561 743 1640 opibusque
752 1561 871 1642 juvabo.

198 1641 295 1700 Vultis
308 1649 337 1700 et
350 1641 395 1700 bis
409 1659 524 1700 mecum
536 1641 641 1718 pariter
653 1641 800 1700 considere
813 1643 929 1718 regnis?

198 1719 309 1780 Urbem
323 1738 409 1798 quem
423 1729 515 1779 statuo
529 1728 623 1780 restra
635 1729 696 1780 est:
717 1720 868 1780 subducite
881 1739 987 1783 neves:

198 1798 272 1858 Tros
285 1799 447 1878 Tyriusque
460 1799 532 1858 mibi
545 1799 624 1858 nullo
637 1799 802 1878 discrimine
816 1809 923 1877 egetur.

197 1880 294 1956 Atque
307 1878 414 1937 utinam
428 1897 479 1938 rex
492 1878 554 1956 ipse
567 1879 646 1938 Noto
659 1879 822 1957 compulsus
835 1881 936 1939 eodem

197 1957 308 2018 Afferet
320 1957 446 2016 AEneas!
468 1957 612 2034 Equidem
625 1976 677 2038 per
689 1957 783 2036 littora
794 1967 886 2017 certos

197 2036 357 2112 nimitum,
371 2035 513 2112 eanibye
526 2034 914 2114 lostmeoxoemsjnbsbq
1012 2043 1025 2086 4

198 2115 231 2174 Si
263 2115 345 2175 nibus
359 2115 467 2195 ejectus
480 2113 560 2174 silvis
573 2123 622 2174 eut
632 2114 749 2174 urbibus
762 2123 843 2174 errat

236 2136 292 2254 ldis
306 2195 432 2254 animum
445 2195 545 2254 arrecti
555 2194 648 2272 dictis,
662 2202 691 2254 et
703 2193 783 2254 fortis
795 2194 921 2254 Achates

194 2275 238 2334 ut
250 2285 330 2354 peter
342 2275 452 2334 AEneee
461 2274 630 2354 jamdudum
641 2292 789 2352 erumpere
803 2273 911 2335 nubem
1023 2269 1026 2274 ’

196 2354 351 2414 Ardebant
391 2353 474 2414 Prior
485 2353 602 2413 AEueau
615 2353 771 2432 compellat
784 2353 929 2414 Achates:
972 2393 974 2399 ,

197 2433 228 2492 N
229 2442 273 2492 ate
287 2435 351 2510 ded,
365 2452 430 2511 que
443 2452 521 2494 uunc
535 2433 631 2492 auimo
645 2433 786 2492 sententia
798 2433 907 2510 surgit?

198 2513 303 2571 Omnia
315 2521 376 2572 tute
388 2512 480 2588 vides,
494 2511 624 2588 classem,
638 2511 788 2590 sociosque
802 2519 940 2590 receptos.

197 2591 282 2652 Unus
295 2591 385 2667 abest,
400 2592 496 2650 medio
509 2591 539 2648 in
552 2590 642 2650 fluctu
654 2609 741 2667 quem
754 2589 879 2649 vidimus
892 2590 947 2667 ipsi

198 2669 402 2728 submersum:
422 2669 509 2728 dictis
522 2669 811 2746 respondentcoetera
824 2669 929 2728 matris.

197 2747 258 2806 vix
270 2767 305 2806 ea
317 2747 392 2806 latus
405 2756 474 2824 erat,
489 2766 575 2822 quum
590 2745 761 2804 circumfusa
773 2743 891 2822 repente

198 2827 309 2886 Scindit
321 2845 352 2884 se
365 2825 467 2900 nubes,
481 2825 552 2884 etin
567 2823 673 2883 aethera
684 2830 786 2900 purgat
798 2831 940 2899 apertum.
1036 2855 1038 2860 ·

108 2969 112 2980 ,
196 2905 313 2965 Restitit
326 2904 446 2979 AEneas,
460 2903 592 2979 clarisque
605 2902 635 2959 in
648 2899 845 2976 lucerelulsit,

197 2985 238 3044 0s
251 2985 441 3060 humerosque
454 2983 509 3041 deo
523 2981 641 3039 similis:
662 2998 786 3056 namque
798 2978 861 3056 ipsa
873 2979 1007 3040 decoram

144 3111 147 3116 Δ
197 3064 352 3124 cesariem
366 3071 433 3120 nato
443 3060 585 3138 genetrix,
598 3059 752 3135 lumenque
762 3061 890 3138 Juventm

90 3207 93 3210 ,
196 3144 382 3221 Purpureum,
397 3150 426 3200 et
438 3142 519 3200 laetos
532 3138 621 3198 oculis
635 3137 743 3199 affldrat
755 3137 887 3197 bonores.

199 3223 291 3294 Quale
305 3240 405 3298 manus
419 3221 527 3282 oddunt
540 3219 619 3277 ebori
631 3219 739 3291 decus;
760 3225 809 3276 aut
822 3217 872 3276 ubi
884 3215 958 3276 flavo

197 3302 363 3375 Argentum,
377 3299 514 3358 Pariusve
527 3297 608 3375 lapis,
623 3297 811 3356 circumdatur
823 3316 906 3356 auro„

236 3378 313 3436 Tum
327 3379 368 3436 sic
381 3377 506 3453 reginam
521 3375 681 3452 alloquitur,
696 3376 863 3453 cunctisque
876 3370 995 3454 repenti

198 3457 370 3534 Improvisus
384 3457 440 3514 ait:
462 3453 578 3529 Gordm,
593 3471 677 3531 quern
691 3455 825 3532 queritis,
839 3454 940 3514 adsum

196 3536 302 3594 Troius
315 3533 434 3609 AEueas,
449 3533 565 3612 Libycis
578 3539 692 3608 ereptus
706 3531 741 3591 ab
754 3533 847 3592 undis.

198 3615 223 3674 Ο
238 3613 299 3674 sola
311 3612 440 3671 infandos
453 3612 549 3692 Trojae
563 3611 695 3670 miserete
707 3611 827 3687 labores,
1054 3685 1057 3693 Ι

197 3694 271 3766 Qum
285 3711 347 3768 nos,
361 3689 493 3767 reliquias
506 3689 649 3763 Danairm,
662 3698 809 3766 terraeque,
823 3689 976 3767 marisque,
1088 3731 1089 3738 κ

198 3772 339 3832 Omnibus
353 3769 505 3828 exhaustos
515 3771 575 3847 jem
589 3767 710 3843 casibus,
725 3769 852 3827 omnium
866 3787 982 3844 egenos,

197 3851 287 3928 Urbe,
301 3851 396 3925 domo,
410 3848 519 3908 socius!
541 3857 633 3924 grates
645 3847 805 3924 persolvere
819 3847 918 3920 dignas

198 3931 265 3992 Non
279 3930 341 4010 opis
354 3938 398 3989 est
410 3937 523 4003 norbae,
538 3927 625 4003 Dido,
638 3945 693 3986 nec
706 3925 844 4003 quidquid
858 3923 965 4002 ubique
978 3933 1023 3986 est
