2712 4488
568 409 681 466 LIBER
700 410 748 466 lx.

158 555 233 620 'l'els
246 566 357 637 gemnt.
397 557 508 620 Instant
519 559 690 620 Mnestheus
705 577 826 636 acerque
841 560 981 640 Serestus,
1068 593 1071 602 ⁴

159 637 242 709 Quos
254 646 336 716 pater
349 638 468 715 AEneas,
482 638 507 698 ai
520 639 632 714 quaudo
647 639 764 698 adversa
776 645 920 717 vacuent,

157 715 298 776 Rectores
307 719 447 795 juvenum
459 724 489 775 et
500 735 594 776 rerum
609 717 688 776 dedit
700 735 763 776 esse
776 719 931 795 magistros.

159 793 262 853 Omnis
275 815 329 873 per
341 814 438 856 muros
449 795 525 872 legio
538 795 635 856 sortita
647 796 785 872 periclum

158 871 303 951 Excubat,
315 883 486 951 exercetque
499 873 586 951 vices,
601 873 676 951 quod
690 875 793 953 cuique
806 877 945 938 tuendum
957 884 1007 938 est.
1070 881 1125 938 175
1188 881 1191 892 '

196 951 287 1012 Nisus
300 960 360 1012 erat
370 961 458 1030 portae
473 961 576 1028 custos,
592 953 743 1012 acerrimus
754 954 848 1032 umis,

158 1028 329 1106 Hyrtacides
340 1052 348 1106 3
369 1031 503 1092 camitem
516 1031 620 1090 AEneae
635 1051 720 1109 quem
734 1033 849 1093 miseret
862 1033 914 1094 Ida

157 1107 307 1187 venatrix,
317 1110 414 1190 jaculo
428 1111 553 1170 celerem
566 1109 733 1188 levibusque
746 1111 872 1188 sagittis:

157 1185 198 1244 Et
206 1186 291 1267 juxtd
305 1208 400 1248 comes
414 1189 567 1266 Euryalus,
579 1208 635 1265 quo
648 1189 792 1266 pulchrior
805 1191 875 1250 ulter

156 1265 225 1325 Non
240 1267 294 1326 fuit
305 1267 478 1342 AEnesdrim,
493 1267 618 1345 Trojaua
630 1286 724 1344 neque
737 1269 831 1328 induit
843 1288 937 1343 arms;
1070 1274 1124 1330 180

156 1343 215 1404 Ora
227 1339 298 1422 puer
310 1345 401 1424 primi
414 1346 528 1420 signans
541 1347 653 1404 iutcuss
661 1348 790 1424 juventi.

156 1423 213 1482 His
227 1443 307 1482 amor
319 1443 392 1482 unus
406 1431 474 1498 erat,
488 1424 649 1501 pariterque
662 1425 692 1482 in
705 1424 781 1482 bella
793 1425 929 1500 ruebunt3

156 1500 233 1560 Tum
248 1521 359 1580 quoque
372 1502 517 1562 cummuni
530 1510 639 1578 portum
653 1503 772 1561 statione
785 1503 930 1564 tenebunt.

155 1579 247 1638 Nisus
261 1581 315 1638 uit:
336 1579 414 1638 Dine
427 1580 505 1638 huuc
518 1580 646 1639 ardorem
659 1581 803 1640 mentibus
817 1583 933 1661 addunt,

156 1657 303 1736 Euryale?
324 1678 360 1716 su
374 1679 428 1718 sua
440 1659 544 1737 cuiqam
556 1660 628 1718 deus
641 1660 674 1718 fit
686 1660 746 1718 dira
759 1661 885 1738 cupido?
1067 1669 1122 1724 180

155 1739 216 1797 Aut
228 1757 361 1816 pugnem,
376 1747 424 1798 aut
437 1738 544 1818 aliquid
552 1741 614 1818 jam
627 1739 736 1798 dudum
750 1738 886 1799 invadere
899 1759 1044 1818 magnum,

155 1816 243 1876 Meus
257 1817 342 1894 agitat
355 1817 443 1890 mihi3
464 1837 518 1876 nec
530 1817 644 1895 placidi
656 1825 789 1878 contenta
802 1819 898 1896 quiete
912 1828 965 1879 est.

155 1895 268 1973 Cernis,
282 1915 345 1974 qum
358 1897 482 1956 Rutulos
493 1897 598 1955 habeut
610 1897 716 1955 fiducia
728 1916 838 1956 rerum:

155 1975 280 2033 Lumina
293 1995 355 2033 rura
367 1976 491 2049 micant3
511 1994 612 2034 somno
625 1976 748 2052 vinoque
762 1975 865 2054 sepulti

155 2052 353 2128 Procubudre3
376 2053 461 2114 silent
473 2051 529 2112 late
543 2054 615 2112 locu
655 2054 775 2147 Percipe
788 2052 871 2133 portel
1067 2062 1121 2118 100

157 2131 237 2204 Quid
250 2132 386 2209 dubitem,
402 2141 431 2192 et
444 2152 507 2210 quas
521 2151 600 2192 nuuc
612 2133 707 2191 animo
720 2134 861 2192 sententia
874 2144 977 2214 surgat

155 2211 271 2270 AEuenn
285 2212 369 2270 acciri
383 2231 492 2288 omnes,
506 2212 688 2290 populusque
701 2221 860 2291 patresque,

156 2291 334 2368 Exposcunt
349 2291 479 2369 mittique
492 2291 570 2349 viros
581 2293 631 2368 qui
645 2300 722 2351 certa
735 2301 886 2369 reportent.

157 2370 188 2427 Si
201 2369 253 2428 tibi
266 2389 329 2447 quae
343 2389 431 2447 posco
444 2370 619 2447 promittunt,
634 2390 700 2428 uam
714 2371 786 2428 mibi
797 2371 865 2431 facti
1105 2423 1108 2433 ,

95 2477 99 2508 ι
155 2447 245 2508 Fama
258 2457 301 2507 snt
313 2457 365 2525 est,
380 2449 487 2507 tumulo
500 2449 599 2508 videor
610 2450 732 2526 reperire
745 2449 799 2508 sub
812 2451 861 2509 illo
1066 2457 1120 2512 lsu

155 2527 244 2586 Perse
256 2528 331 2585 viam
346 2529 380 2585 sd
393 2547 489 2586 muros
503 2533 532 2585 et
544 2528 649 2586 moeniu
663 2528 817 2588 Pallantea.

156 2607 317 2684 Obstupuit,
332 2625 434 2681 magno
447 2606 564 2664 laudum
577 2625 727 2682 percussus
740 2626 845 2683 umore,

156 2684 314 2762 Euryalus3
335 2683 417 2741 simul
431 2683 477 2740 bis
490 2683 636 2742 ardentem
650 2684 750 2743 effatur
763 2685 909 2744 amicum:

156 2764 246 2821 Mene
259 2763 343 2839 igitur
356 2763 464 2818 socium
477 2761 595 2819 summis
608 2763 761 2840 adjungere
774 2762 867 2838 rebus,

156 2841 238 2916 Nise,
252 2841 346 2917 iugis?
367 2839 459 2898 solum
472 2847 501 2897 te
514 2839 544 2896 in
558 2840 774 2916 tantapericula
785 2841 919 2899 mittum?
1061 2847 1119 2902 20⁰

156 2921 223 2979 Non
237 2921 276 2978 ita
289 2937 335 2976 me
349 2917 459 2993 genitor
470 2916 553 2975 bellis
567 2926 695 2976 assuetus
710 2918 848 2996 Opheltes

155 2998 318 3076 Argolicum
331 3008 465 3056 terrorem
477 2997 551 3054 inter
564 2995 718 3075 Trojaeque
730 2997 839 3056 labores

157 3077 303 3137 Sublatam
317 3076 435 3148 erudiit3
456 3093 510 3132 uec
524 3081 620 3132 tecum
633 3075 700 3136 talia
712 3076 796 3154 gessi,

156 3157 372 3234 Magnanimum
386 3155 500 3212 AEneau
514 3161 544 3212 et
554 3153 611 3212 luta
624 3162 889 3216 extremasecutus.

156 3236 211 3295 Est
223 3235 279 3311 hic,
294 3243 337 3294 est
350 3234 460 3292 animus
474 3232 547 3290 lucis
561 3241 746 3310 contemptor,
761 3243 790 3294 et
802 3234 887 3293 istum
1059 3239 1117 3298 20⁵

157 3315 217 3386 Qui
229 3315 288 3374 viti
301 3313 375 3372 bene
389 3312 485 3371 credat
497 3313 564 3387 emi,
578 3308 634 3388 qud
648 3314 750 3389 tendis,
764 3313 909 3372 honorem.

156 3394 244 3452 Nisus
259 3393 294 3450 ud
304 3391 384 3449 haec:
405 3391 548 3468 Equidem
562 3391 598 3448 de
611 3400 639 3450 te
652 3391 693 3448 nil
706 3393 761 3450 tale
774 3391 900 3468 verebar,

156 3472 222 3530 Nec
235 3470 292 3544 fas3
313 3489 388 3528 uun:
409 3470 448 3528 itu
461 3488 507 3528 use
519 3468 621 3528 referat
633 3470 687 3528 tibi
698 3489 816 3546 magnus
829 3477 962 3532 ovantem

156 3549 274 3626 Jupiter,
289 3556 337 3606 sut
349 3547 518 3703 quicumque
532 3547 621 3605 oeulis
634 3548 697 3607 brec
711 3550 829 3626 adspicit
841 3549 942 3627 equis.

158 3629 226 3704 Sed,
241 3626 265 3685 si
278 3626 438 3704 quisquae
451 3625 539 3684 mults
550 3625 631 3684 vides
645 3627 807 3686 discrimine
819 3627 914 3706 tali),
1058 3629 1116 3685 210

159 3706 265 3784 Siquis
279 3706 308 3763 iu
323 3704 471 3762 adversum
484 3703 574 3780 rapiat
585 3723 703 3764 casumve
717 3707 836 3782 deusve,

157 3787 202 3845 Te
216 3801 363 3862 superesse
376 3781 463 3840 velim
473 3801 484 3838 :¹
501 3790 552 3840 tus
563 3781 622 3840 viti
635 3783 745 3860 dignior
757 3793 833 3843 etas.

160 3865 203 3924 Sit
215 3864 263 3941 qui
276 3881 323 3922 me
336 3868 446 3939 raptum
459 3860 563 3937 pugni,
576 3863 703 3938 pretiove
715 3864 902 3940 redemptum,

158 3943 278 4005 Mandet
289 3940 376 4000 humo
390 3938 489 4014 scliti3
510 3947 567 4016 sut,
579 3940 604 3998 si
616 3941 713 4018 quaid
725 3941 835 4001 fortune
846 3936 961 4016 vetabit,
