3076 4514
503 457 618 512 LIBER
637 458 686 512 1v.

92 608 229 685 Namque
243 625 323 665 suam
336 606 426 683 patrii
440 606 644 683 autiquicinis
658 614 718 665 ster
731 607 871 668 babebat:

92 689 218 762 Annam,
233 705 299 744 cura
312 685 383 743 mibi
396 686 502 761 nutrix,
516 687 573 744 buc
587 686 655 744 siste
668 705 811 745 sororem:

93 766 152 824 Dic
165 785 268 843 corpus
281 774 413 843 properet
425 764 532 823 fluviali
546 783 678 841 spargere
692 765 819 843 lymphis,

94 845 136 904 Et
148 846 276 922 pecudes
290 863 390 902 secum
405 852 435 903 et
447 851 601 902 monstrata
612 844 726 920 piacula
737 846 839 920 ducat3
891 910 894 916 ⁴

96 925 145 982 Sic
159 923 274 982 veniat:
296 931 383 999 tuque
396 924 459 1000 ipsa
472 923 521 1000 pis
534 931 600 999 tege
613 929 741 1002 tempora
753 925 833 984 rittd

96 1002 260 1062 SacraJovi
275 1003 383 1078 Stygio,
397 1022 463 1079 quae
477 998 529 1060 rite
542 1002 777 1080 inceptaparavi,
838 1025 840 1031 '
875 1023 889 1035 *⁴

94 1081 238 1141 Perficere
252 1090 296 1140 est
308 1082 428 1157 animus,
442 1082 587 1159 finemque
600 1081 747 1158 imponere
760 1084 846 1158 curis,
918 1097 923 1107 ·

83 1162 290 1237 Dardaniique
304 1180 403 1237 rogum
416 1161 517 1238 capitis
530 1160 694 1237 permittere
708 1156 840 1222 damme.
873 1234 875 1238 Α

97 1241 147 1299 Sic
161 1241 207 1299 ait
250 1241 305 1298 llla
318 1241 437 1316 gradum
450 1240 543 1299 studio
557 1239 700 1302 celerabat
712 1241 789 1300 anili.

135 1321 175 1377 At
187 1320 307 1398 trepida,
321 1329 351 1379 et
363 1320 465 1397 copus
478 1317 651 1377 immanibus
665 1319 753 1378 eti'era
765 1322 853 1399 Dido,
884 1338 885 1341 ’

99 1399 292 1475 Sanguineam
305 1399 425 1458 volvens
438 1398 540 1473 aciem,
556 1397 732 1475 maculisque
745 1407 899 1462 trementes

98 1477 240 1537 Interfusa
252 1497 349 1554 genas,
364 1484 393 1536 et
405 1476 613 1554 pallidamorte
626 1476 732 1553 futurd,

98 1557 236 1616 Interiora
249 1556 350 1614 domirs
363 1555 493 1632 irrumpit
504 1555 613 1630 limina,
628 1563 658 1614 et
671 1555 742 1614 altos
788 1592 790 1597 ,

98 1637 274 1695 Conscendit
286 1635 439 1693 furibunda
451 1653 544 1711 rogos,
559 1653 716 1711 ensemque
730 1635 850 1696 recludit

95 1715 284 1790 Dardanium,
298 1734 355 1773 non
370 1715 423 1773 bos
437 1714 590 1792 quaesitum
603 1733 707 1773 munus
719 1715 749 1772 in
763 1734 840 1774 usus.

97 1793 167 1870 Hic,
181 1801 330 1871 postquam
346 1795 447 1853 Iliacos
460 1801 555 1853 vestes
568 1801 725 1871 notumque
739 1795 835 1854 cubile

96 1874 266 1952 Conspexit,
280 1871 397 1953 paullum
412 1873 546 1950 lacrymis
560 1881 589 1931 et
601 1881 699 1932 mente
712 1881 829 1951 morata,
884 1903 886 1918 ·

97 1952 288 2029 incubuitque
302 1961 372 2028 toro,
387 1953 516 2029 dixitque
530 1951 797 2011 novissimaverba:

66 2052 71 2061 ·
135 2033 245 2091 Dulces
259 2033 383 2106 exuvie,
397 2033 465 2090 dum
477 2032 535 2090 iata
547 2032 677 2108 deusque
691 2031 831 2109 sinebant,

96 2111 229 2189 Accipite
242 2111 317 2170 hanc
332 2111 466 2186 ammam,
480 2128 583 2187 meque
596 2110 642 2168 bis
654 2108 796 2169 ‘exsolvite
810 2106 895 2171 euris.

23 2201 26 2206 ’
97 2190 178 2267 Vixi,
193 2200 222 2250 et
235 2210 320 2268 quem
335 2191 451 2251 dederat
464 2208 577 2248 cursum
592 2188 705 2248 fortuna
717 2190 833 2266 peregi:

97 2269 140 2328 Et
151 2289 229 2329 nunc
243 2289 346 2346 magna
359 2268 418 2327 mei
430 2268 483 2329 sub
496 2268 649 2328 terrasibit
661 2269 765 2345 imago.
805 2283 808 2288 ·

97 2349 207 2425 Urbem
220 2349 385 2428 praeclaram
398 2348 501 2422 statui5
519 2367 585 2407 mea
597 2348 704 2417 moenia
716 2349 795 2423 ridi;

96 2427 168 2491 Ulla
179 2429 281 2505 virum,
295 2447 395 2506 poenss
408 2427 525 2487 inimico
539 2447 556 2485 a
568 2427 652 2486 fratre
665 2427 779 2526 recepi;
864 2462 867 2469 ·

96 2507 192 2585 Felix,
206 2508 280 2567 heu!
302 2500 423 2567 nimidrn
436 2506 516 2583 felix,
530 2507 555 2565 si
568 2507 667 2566 littora·
674 2516 793 2567 tantum?

96 2587 254 2664 Nunquam
267 2588 421 2647 Dardaniae
435 2587 597 2664 tetigissent
608 2594 704 2646 nostru
717 2587 840 2647 cariore!

97 2666 191 2742 Dixit,
207 2674 236 2724 et
248 2685 281 2724 os
295 2667 433 2743 impressa
446 2673 517 2741 toro,
532 2665 691 2724 Moriemur
703 2667 824 2732 inultaei

99 2745 157 2804 Sed
171 2745 333 2820 moriamur,
349 2745 406 2804 ait:
428 2745 480 2818 sic,
495 2744 536 2802 sic
545 2747 629 2823 juvat
640 2745 682 2802 ire
696 2745 750 2803 sub
764 2745 887 2805 umbras.

97 2824 222 2884 Hauriat
234 2823 312 2881 hunc
326 2823 415 2881 oculis
429 2823 525 2901 ignem
539 2823 664 2881 crudelis
678 2823 713 2880 ab
727 2823 784 2882 alto

98 2904 261 2977 Dardanus,
275 2910 305 2960 et
317 2909 421 2960 nostra>
435 2919 534 2959 secum
548 2899 619 2959 serat
632 2900 729 2958 omina
742 2901 848 2960 mortis.

135 2983 276 3055 Dixerat3
297 2988 381 3057 atque
394 2980 472 3038 illam
485 2979 581 3037 media
592 2979 667 3037 inter
680 2979 748 3038 talia
760 2979 834 3037 serro

97 3061 262 3140 collapsam
276 3059 438 3137 adspiciunt
447 3057 575 3133 comites,
590 3077 746 3136 ensemque
760 3077 859 3117 cruore

99 3141 295 3218 Spumantem,
310 3157 477 3216 sparsasque
491 3156 601 3195 manus.
619 3175 632 3201 .
643 3137 670 3195 It
684 3137 790 3196 clamor
804 3138 839 3196 ad
852 3137 910 3198 alta

97 3220 196 3295 Atria3
217 3238 389 3278 concussam
402 3216 555 3275 bacchatur
568 3216 643 3275 sama
654 3235 706 3294 per
719 3217 836 3292 urbem;

98 3299 246 3359 Lamentis
259 3298 435 3376 gemituque,
449 3304 478 3354 et
490 3296 625 3356 foemineo
638 3296 758 3371 ululatu,

98 3379 191 3438 Tecta
202 3378 345 3451 tremunt3
366 3383 478 3434 resonat
491 3376 603 3452 magnis
615 3375 799 3453 plangoribus
813 3375 911 3436 aetber.

97 3458 167 3517 Non
182 3457 262 3516 aliter
275 3454 363 3534 quim
377 3456 401 3514 si
414 3455 550 3514 immissis
564 3463 627 3514 ruat
638 3455 768 3514 bostibus
782 3455 877 3515 omnis
910 3496 912 3500 r
967 3491 968 3494 =

98 3536 251 3613 Carthago,
266 3544 313 3594 aut
327 3534 443 3611 antiqua
456 3535 558 3611 Tyros,
572 3533 754 3612 flammaeque
767 3535 894 3595 furentes
1011 3539 1069 3595 670

99 3615 235 3676 Culmina
246 3633 354 3691 perque
367 3613 516 3672 hominum
529 3613 678 3673 volvantur
690 3633 797 3691 perque
811 3615 939 3674 deornm.

137 3694 239 3754 Audiit
251 3693 401 3768 exanimis,
415 3693 582 3770 trepidoque
596 3694 729 3752 exterrita
742 3712 837 3769 cursu,

99 3773 253 3851 Unguibus
267 3791 316 3829 ora
330 3791 409 3831 soror
421 3772 541 3845 foedaus,
555 3779 585 3829 et
596 3780 711 3847 pectora
723 3773 836 3849 pugnis,

66 3914 69 3920 ,
98 3854 156 3912 Per
169 3853 280 3912 medios
293 3851 358 3924 ruit,
373 3869 406 3907 ac
420 3852 588 3909 morientem
602 3851 718 3910 nomine
732 3851 854 3909 clamat:

99 3934 166 3991 Hoc
178 3933 259 4007 illud,
274 3948 419 4007 germana,
433 3930 505 3988 suit?
527 3947 574 3986 me
588 3928 685 3988 fraude
698 3929 836 4006 petebas?

100 4013 165 4070 Hoc
179 4031 263 4090 rogus
276 4010 330 4069 iste
344 4007 425 4086 mihi,
439 4009 495 4066 hoc
508 4008 589 4084 ignes
603 4012 714 4085 araeque
726 4006 883 4086 parabant?
