2712 4488
486 351 599 424 munst
618 345 681 424 uu.

110 489 176 576 Hoc
188 526 268 596 pater
280 517 425 582 Anchises
435 505 506 577 ¹euro
519 518 627 578 libabat
640 519 675 578 ed
689 537 768 580 erus:

20 619 24 633 ·
110 597 175 656 Hoc
188 597 295 656 Priami
308 604 453 673 gestamen
468 603 536 671 crat,
551 615 640 673 quum
650 599 715 675 jure
727 599 835 658 vocsb's

1 746 3 750 ι
42 721 44 724 .
109 675 193 733 More
207 676 287 751 daret
298 674 431 753 populis3
452 683 664 753 sceptrumque,
679 695 816 753 socerque
829 678 921 754 tiores,

111 752 289 831 Iliadumque
302 753 381 814 rubor
393 761 497 812 veste.
543 819 546 825 ,
878 785 879 788 ¹

117 859 135 878 ι
149 832 268 891 Talibus
282 832 385 892 Ilionei
398 832 490 907 dictis,
505 831 600 890 defixa
612 832 733 891 Latinus
853 871 858 886 .
904 869 907 878 ‚

111 910 221 982 Obtutu
234 919 312 972 tenet
326 931 383 988 ore,
397 910 514 988 soloque
528 911 682 969 immobilis
695 911 794 988 haeret,
854 939 878 960 *z
903 939 909 950 ·

5 995 7 999 ’
112 989 240 1049 Intentos
252 991 371 1050 volvens
384 989 501 1049 oculos:
523 1008 578 1049 nec
591 1009 715 1068 purpure
728 1009 824 1067 regem

110 1069 192 1127 Picte
205 1078 309 1146 movet,
323 1088 378 1128 nec
391 1079 503 1146 seeptro
516 1078 633 1128 movent
645 1069 789 1128 Priameia
800 1067 919 1147 tentum,

112 1146 259 1220 Quantum
273 1150 303 1208 in
317 1148 459 1209 connubio
472 1156 547 1208 nctae
561 1147 742 1225 thalamoque
755 1147 897 1212 morotius

111 1227 153 1295 Et,
164 1228 267 1286 veteris
280 1229 374 1286 Fsirui
388 1227 477 1287 volvit
489 1227 543 1286 sub
556 1234 670 1304 pectore
684 1235 798 1286 sortem.

112 1305 200 1365 Hunc
212 1307 293 1366 illum
306 1307 370 1366 letis
384 1307 504 1376 externit
517 1305 554 1366 sb
566 1306 635 1364 sede
648 1305 805 1382 proiectum

1 1403 2 1462 j
110 1385 246 1446 Portendi
259 1404 405 1462 generum,
419 1384 592 1463 paribusque
604 1383 635 1442 iu
649 1403 736 1459 regnu
747 1385 842 1443 vocori

110 1465 273 1543 Auspiciis;
294 1464 361 1522 buic
374 1462 539 1541 progeniem
552 1462 657 1521 virtute
669 1462 791 1522 futurum

1 1547 2 1566 ¹
111 1544 275 1620 Egregium,
290 1543 319 1603 el
332 1551 423 1602 totum
436 1561 500 1619 quse
514 1541 621 1600 viribus
634 1549 756 1620 occupet
766 1541 872 1602 orbern.
921 1551 923 1558 ⁴

112 1622 243 1680 'leudem
255 1623 337 1681 laetus
351 1622 390 1680 ait
400 1620 468 1694 :ul
482 1630 578 1682 nostre
591 1621 704 1698 inceptu
716 1622 882 1699 secundent

110 1701 327 1780 Auguriumque
341 1721 433 1760 suum.
475 1701 607 1776 Dabitur,
622 1700 756 1780 Trojune,
770 1701 848 1778 quod
860 1707 950 1780 optus.

1 1817 2 1822 κ
110 1781 235 1843 Munera
248 1800 302 1839 nec
315 1800 427 1859 sperno.
468 1781 500 1840 N
500 1800 538 1839 on
550 1780 641 1856 uobis,
656 1799 722 1857 rege
735 1781 847 1859 Latino,

112 1859 219 1919 Divitis
231 1860 304 1918 uber
317 1861 376 1938 egri
390 1860 523 1939 Trojoeue
538 1859 684 1938 opulentis
697 1860 796 1920 deerit

113 1938 179 2016 Ipse
193 1935 277 1999 modb
291 1939 402 1998 AEnees
420 1937 523 2017 (nostri
535 1940 560 1998 ui
573 1947 653 1999 tunte
663 1939 767 2017 cupido
780 1944 834 2017 est,

114 2018 145 2076 Si
155 2019 238 2096 jungi
251 2018 377 2096 bospitio
389 2027 530 2097 properet,
544 2017 696 2095 sociusque
708 2019 831 2100 securi)

112 2099 274 2172 Advenist;
294 2097 390 2157 vultus
403 2117 478 2158 neve
490 2097 673 2158 exhorrescet
686 2097 801 2157 amicos.
940 2093 944 2102 ’

113 2176 182 2236 Pars
195 2176 266 2235 milri
279 2177 357 2255 pscie
370 2177 430 2270 emt⁵
438 2178 567 2262 dextrum
581 2176 709 2254 tetigisse
722 2178 842 2254 tyranni.

113 2255 174 2315 Vos
188 2253 287 2316 contri·
299 2257 367 2340 regi
372 2241 528 2348 fflsiiic
542 2257 675 2316 mandute
686 2257 797 2317 referte.
862 2287 864 2291 r

113 2334 168 2394 Est
181 2335 252 2395 mihi
264 2344 339 2411 nutu,
352 2353 414 2394 vrrs
427 2338 520 2412 gentis
532 2357 620 2409 quum
629 2337 751 2415 jungere
765 2345 877 2414 nostrus,

112 2413 181 2473 Nou
194 2414 284 2492 patrio
299 2435 336 2474 ex
350 2414 434 2489 adyto
448 2420 548 2487 sortes,
562 2431 621 2471 non
633 2417 756 2490 plurime
768 2417 842 2476 coelo

114 2493 244 2552 Monstro
257 2493 370 2551 sinunt:
392 2509 513 2568 generos
526 2491 651 2550 externis
665 2491 752 2550 affore
765 2492 801 2550 ub
814 2495 880 2570 oris,
923 2551 927 2562 ,

114 2571 180 2630 Hoc
194 2571 276 2630 Latio
291 2579 395 2630 restare
410 2578 525 2644 canunt,
539 2569 590 2648 qui
602 2571 739 2647 sunguine
752 2580 879 2632 nocuum
922 2569 923 2572 '

114 2650 230 2722 Nomen
245 2650 274 2708 in
288 2657 361 2708 estre
373 2648 473 2708 lerant
515 2649 604 2707 Hunc
618 2649 698 2708 illum
711 2667 831 2726 poscere
844 2651 901 2710 ists

115 2729 156 2788 Et
169 2747 240 2804 reor,
255 2735 292 2803 et,
306 2727 331 2786 si
344 2726 412 2804 quid
424 2727 486 2784 veri
498 2745 580 2786 mens
594 2735 720 2802 auguret,
734 2735 811 2804 opto.

1 2879 2 2882 Ἴ
115 2807 190 2866 Haec
204 2805 316 2882 effetus,
331 2823 420 2882 equos
434 2823 556 2864 numero
568 2813 648 2882 peter
660 2804 740 2880 eligit
752 2806 851 2864 omni:

53 2933 57 2940 .
117 2884 237 2945 Stabant
249 2893 292 2944 ter
305 2892 422 2942 centum
435 2883 519 2942 nitidi
531 2883 561 2941 iu
575 2883 752 2961 prresepibus
766 2885 838 2943 ultis.

118 2964 260 3025 Omnibus
273 2961 420 3041 extemplo
433 2962 554 3021 Teucris
563 2961 647 3040 jubet
659 2963 759 3022 ordine
772 2964 838 3022 duci
932 3015 957 3032 q.

117 3046 253 3104 Instratos
267 3051 342 3103 ostro
357 3040 483 3120 alipedes
493 3040 636 3119 pictisque
649 3042 762 3119 tepetis.

117 3126 213 3183 Aures
225 3122 387 3202 pectoribus
400 3121 526 3182 demisse
537 3121 655 3180 monilia
666 3122 795 3198 pendent
806 3141 813 3179 ε
857 3152 869 3180 -,
880 3153 896 3175 ι.

118 3203 202 3262 Tecti
216 3223 293 3278 euro,
306 3201 416 3260 fulvum
430 3200 571 3260 mandunt
583 3201 635 3259 sub
649 3200 783 3260 dentibus
797 3220 904 3262 curum.

86 3339 92 3348 ,
116 3281 238 3340 Absenti
252 3281 353 3340 AEneae
366 3299 478 3339 currum
493 3279 679 3357 geminosque
688 3281 811 3358 jugules,
917 3328 921 3334 .

84 3403 87 3410 ,
120 3361 237 3419 Semine
252 3360 287 3418 cb
301 3359 428 3434 aetherio,
442 3358 581 3437 spirantes
593 3359 709 3418 neribus
722 3359 828 3436 ignem,

119 3439 236 3498 Illorum
249 3439 286 3496 de
300 3447 384 3515 gente
397 3439 470 3516 petri
484 3457 555 3514 quos
568 3438 690 3496 Daedolu
702 3439 787 3498 Circe
836 3443 838 3448 ’

121 3516 274 3596 Suppositi
287 3517 323 3574 de
336 3524 426 3575 matre
439 3517 542 3575 nothos
555 3516 647 3575 lurotu
659 3517 774 3576 cressit

118 3597 238 3656 Talibus
252 3594 390 3653 AEncedae
404 3595 487 3654 donis
500 3595 641 3673 dictisque
655 3595 750 3654 Latini

1 3666 2 3694 ¹
121 3675 265 3735 Sublimes
278 3674 308 3731 iu
323 3674 404 3751 equis
417 3675 545 3749 redeunt,
558 3693 718 3751 pacemque
732 3681 883 3753 reportent.

159 3755 239 3813 Ecce
254 3761 348 3811 cutem
363 3752 489 3810 Inachiis
502 3771 565 3811 sese
578 3751 718 3812 referebat
732 3752 768 3810 ub
780 3753 865 3829 Argis

122 3835 205 3893 Soevc
216 3833 234 3892 J
236 3833 296 3891 ovis
310 3832 426 3910 conjux,
441 3849 577 3907 curesque
590 3832 705 3906 inrecte
716 3830 847 3904 tenebct3

107 3914 162 3973 *Et
174 3913 273 3972 laetum
287 3911 401 3980 AEuesn
415 3908 591 3986 classemque
604 3929 642 3969 cx
656 3909 762 3968 aetbere
775 3910 860 3986 longo
