2712 4488
190 491 244 550 Μ
582 489 758 546 AENEIDOS

191 641 288 701 Primo
300 640 391 720 petit:
412 657 468 698 non
482 638 532 697 ills
544 637 645 716 virlim,
659 659 717 698 non
730 639 780 698 ille
790 640 891 718 pericli

191 720 385 797 Telorumque
399 735 526 790 memor;
547 717 649 776 coelum
664 719 769 776 dehine
781 719 928 796 questibus
941 719 1058 797 implet:
1099 727 1160 781 480

192 795 282 857 H'unc
296 817 348 875 ego
362 806 400 874 te,
414 796 550 874 Euryale,
564 797 712 873 adspicio?
733 805 802 855 tune
815 798 873 874 ille,
888 807 1010 858 senectre

194 877 264 936 Sero
276 895 347 935 mese
360 875 492 953 requies?
512 874 629 952 potuisti
641 874 769 952 linquere
781 876 881 951 solem,

192 955 345 1014 Crudelis?
365 964 470 1029 necte,
485 953 537 1012 sub
551 961 627 1010 tento
639 953 764 1030 periculo
778 955 904 1031 missum,

191 1034 281 1092 Afferi
294 1029 454 1094 extremum
468 1033 578 1090 misere
592 1032 657 1090 dots
669 1031 753 1109 copis
765 1035 868 1091 metri?

192 1113 260 1171 Heu
271 1114 278 1170 l
299 1113 373 1171 terri
384 1111 491 1188 ignoti,
506 1109 623 1168 cunibus
637 1109 701 1169 dote
714 1111 809 1187 prede
821 1111 930 1171 Latinis
1098 1119 1157 1172 485

191 1191 381 1268 Alitibusque,
390 1191 488 1268 jocos!
511 1206 564 1246 uec
579 1195 616 1263 te,
630 1197 680 1247 tue
691 1189 800 1264 luners,
815 1197 905 1248 meter

191 1269 327 1344 Produxi,
341 1267 468 1346 pressive
482 1267 589 1342 oculos,
603 1275 652 1326 out
663 1267 781 1325 vulnere
793 1268 859 1344 lovi,

192 1347 282 1406 Veste
296 1356 403 1423 tegens,
418 1346 470 1405 tibi
483 1363 567 1421 quom
581 1356 678 1405 noctes
691 1346 795 1404 lentius
807 1347 924 1426 diesque

192 1425 346 1501 Urgebsm,
362 1434 390 1484 et
403 1425 459 1483 tert
473 1443 553 1484 cures
567 1425 677 1483 solsbsr
690 1425 797 1484 aniles!

193 1499 260 1574 Quo
275 1523 384 1582 sequor,
398 1512 448 1562 sut
459 1523 523 1580 qum
537 1523 614 1562 nunc
627 1512 711 1579 ortus,
725 1513 877 1582 evulsoque
890 1503 1025 1583 membre,
1097 1513 1155 1565 490

192 1583 232 1642 Et
244 1581 328 1642 sunus
340 1583 474 1658 lacerum,
488 1583 573 1642 tellus
586 1583 693 1641 babet?
734 1582 799 1641 Hoc
813 1583 883 1642 mihi
896 1585 933 1642 de
946 1592 984 1660 te,

191 1661 221 1719 N
224 1669 278 1737 ote,
292 1662 377 1720 refers
389 1664 399 1719 l
420 1662 476 1720 boc
491 1681 553 1720 sum
567 1661 696 1737 ten-sque
710 1662 836 1738 murique
850 1666 968 1722 secuto?

192 1740 292 1817 Figite
299 1761 354 1817 me,
369 1741 393 1798 si
406 1759 461 1818 qus
474 1749 517 1798 est
528 1739 636 1816 pietss3
657 1740 687 1797 in
701 1758 747 1797 me
761 1741 856 1798 omnis
868 1742 926 1800 telo

193 1819 343 1898 Conjicite,
357 1839 374 1877 o
387 1819 507 1892 Rutuli;
528 1837 574 1876 me
587 1818 707 1894 primurn
721 1818 860 1878 absumite
873 1820 955 1878 ferro.

191 1900 251 1956 Aut
263 1907 303 1975 tu,
318 1917 419 1974 msgne
432 1905 513 1975 peter
525 1896 632 1972 divirm,
645 1897 787 1972 miserere,
802 1905 909 1975 tuoque
1097 1903 1154 1959 495

193 1976 319 2036 Invisum
334 1977 388 2035 boc
403 1977 521 2036 detrude
535 1985 621 2053 ceput
634 1974 686 2034 sub
699 1976 819 2035 Tertoro
831 1977 897 2053 telo,

193 2056 316 2127 Quando
331 2056 411 2116 aliter
423 2075 535 2133 nequeo
549 2055 692 2114 crudelem
706 2055 872 2132 obrumpere
885 2057 980 2116 vitum.

231 2136 295 2194 Hoc
309 2135 377 2195 fletu
391 2135 523 2194 concussi
535 2135 632 2209 enimi,
647 2143 822 2212 moestusque
834 2155 886 2212 per
898 2155 997 2194 omnes

193 2214 220 2273 It
234 2215 353 2290 gemitus
366 2233 372 2272 :
393 2221 506 2291 torpent
518 2213 643 2271 insructae
657 2213 692 2270 od
705 2215 806 2290 proelis
817 2215 900 2272 vires.

193 2292 275 2350 Illum
288 2293 487 2350 incendentem
501 2292 595 2350 luctus
610 2291 704 2349 Idaeus
718 2302 746 2351 et
759 2294 855 2368 Actor,
1098 2298 1155 2352 500

194 2369 295 2429 Ilionei
309 2371 427 2445 monitu,
442 2378 471 2429 et
484 2366 603 2428 multum
618 2369 798 2446 lacrymantis
813 2371 877 2446 Iiili,

193 2449 364 2526 Corripiunt,
378 2449 506 2524 interque
520 2466 619 2505 munus
632 2448 684 2506 sub
698 2456 773 2506 tecto
785 2457 933 2526 reponunt.

230 2528 270 2586 At
282 2528 350 2600 tubo
362 2527 515 2586 terribilem
529 2526 651 2584 sonitum
664 2527 763 2603 procul
778 2545 833 2585 sere
847 2545 949 2586 canoro

193 2606 355 2684 Increpuit:
377 2606 504 2681 sequitur
516 2605 630 2681 clamor,
644 2605 803 2682 coelumque
816 2608 945 2684 remugit
1052 2637 1058 2655 ι

192 2685 369 2760 Accelerent,
384 2683 884 2778 ectiparitertesQline;Volsci,<1.
909 2705 950 2742 r*
991 2729 996 2751 ,
1029 2682 1049 2736 'i
1071 2755 1073 2762 Ι
1098 2692 1154 2746 505

194 2764 233 2822 Et
246 2763 334 2824 fossos
347 2765 465 2842 implere
477 2771 584 2841 perant,
599 2765 633 2822 sc
644 2761 749 2822 vellere
763 2765 877 2823 vellum.
971 2786 987 2822 a
1034 2777 1037 2782 ’
1068 2763 1102 2834 ‚ls
1126 2820 1127 2833 ,
1139 2818 1167 2854 Δ

194 2844 333 2915 Querunt
344 2863 409 2923 pure
423 2843 538 2919 aditum,
554 2852 582 2902 et
595 2843 677 2902 scolis
686 2837 844 2902 'escendere
857 2863 961 2920 muros,
1000 2844 1024 2873 ”¹
1087 2845 1091 2856 ¹

194 2923 261 2994 Qus
273 2943 334 2982 roro
347 2931 391 2982 est
404 2924 488 2999 scies,
500 2923 705 3000 interlucetque
719 2938 824 2997 corone

193 3003 333 3062 Noctem
347 3003 437 3080 spisso
449 3003 524 3062 viris.
566 3002 701 3060 Telorum
715 3002 862 3061 effundere
875 2999 972 3061 contrd

195 3081 289 3140 Omne
302 3101 391 3158 genus
406 3081 519 3154 Teucri,
534 3101 566 3139 sc
579 3082 657 3140 duris
670 3082 819 3140 detrudere
830 3081 932 3157 contis,
1097 3085 1153 3139 510

193 3161 308 3219 Assueti
321 3161 405 3236 longo
418 3179 513 3218 muros
527 3159 679 3218 defendere
691 3160 778 3218 bello?

196 3239 271 3295 Ssxo
284 3257 396 3315 quoque
410 3238 511 3297 infesto
524 3237 677 3296 volvebant
688 3239 823 3314 pondere,
836 3237 860 3296 si
874 3237 931 3313 qut

194 3314 316 3373 Possent
327 3324 431 3375 tectum
445 3316 534 3373 eciem
548 3333 747 3392 perrumperc;
769 3335 857 3391 quum
871 3324 965 3373 tomen
977 3333 1077 3376 omnes

195 3394 282 3452 Terre
292 3395 373 3471 juvet
386 3392 482 3451 subter
494 3394 582 3450 densi
596 3392 736 3450 testudine
749 3411 854 3451 essue·
1084 3412 1086 3416 ’

195 3472 225 3530 N
227 3490 261 3530 ec
270 3473 330 3549 jum
344 3470 503 3543 sufficiunt3
525 3491 600 3545 nonu,
615 3471 670 3546 qui
684 3469 783 3546 globus
795 3470 925 3530 imminet
937 3471 1047 3552 ingens,
1096 3477 1153 3532 515

196 3550 354 3608 Immunem
367 3549 473 3608 Teucri
485 3549 589 3608 molem
600 3549 773 3626 volvuntque
786 3557 934 3626 ruuntque,

197 3629 270 3702 Qure
284 3627 381 3687 stravit
392 3627 514 3686 Rutulos
527 3625 593 3702 istd,
608 3647 803 3704 srmommque
816 3629 931 3688 resolvit

196 3708 354 3786 Tegmine:
375 3725 429 3766 nec
442 3713 542 3764 curent
553 3725 631 3764 creco
644 3708 813 3766 contendere
827 3707 920 3768 Msrte

196 3782 328 3865 Amplius
342 3787 463 3846 sudsces
475 3785 595 3858 Rutuli;
615 3786 665 3844 sed
677 3785 785 3863 pellere
798 3785 872 3844 vollo

122 3861 125 3868 ’
197 3864 355 3924 Missilibus
368 3872 482 3924 certent.
1098 3869 1155 3924 52⁰

196 3943 281 4002 Perte
295 3943 350 4001 ulii
362 3943 518 4002 horrendus
531 3941 593 3998 visu
606 3941 754 4016 quessobot
766 3941 916 4000 Etruscam
952 3995 955 4001 .

197 4020 310 4096 Pinum,
325 4029 354 4079 et
366 4021 511 4082 brmiieros
524 4018 607 4076 infert
619 4018 780 4076 Mezentius
793 4020 882 4094 ignes.
