2712 4488
215 509 270 566 252
608 507 785 566 AENEIDOS

216 657 286 718 Non
300 657 355 736 ipsi
368 657 441 717 inter
454 675 495 733 se,
509 675 567 715 non
580 656 687 733 nubila,
700 675 759 715 non
772 675 849 716 mare
863 656 987 716 cedunt:

216 740 333 814 Anceps
346 756 442 814 pugna
454 736 522 810 diu;
544 744 619 795 stant
631 736 736 795 obnixa
750 736 844 793 omnia
857 733 963 796 contri.

218 815 305 873 Haud
320 815 399 874 aliter
413 815 543 892 Trojaurc
558 814 634 872 acies
648 813 780 890 aciesque
794 814 904 872 Latinae
1118 821 1184 874 ·360

217 895 416 967 Concurrunt3
437 893 525 951 heret
537 893 612 970 pede
624 911 685 969 pes,
701 892 863 969 densusque
876 893 936 952 viro
949 892 1003 950 vir.

256 974 297 1031 At
308 979 387 1049 parte
401 989 438 1029 cx
452 971 517 1048 slis,
550 971 589 1028 ud
602 989 671 1028 saxa
684 970 804 1029 rotantia
817 969 872 1030 lat&

219 1050 374 1129 Impulerat
386 1058 495 1109 torrens
509 991 676 1124 arlrustaque
690 1048 783 1107 diruta
796 1049 872 1127 ripis,

217 1129 353 1204 Arcadas,
367 1128 494 1186 insuetos
504 1128 579 1186 scies
592 1127 695 1186 inlerre
708 1127 863 1204 pedestres,

218 1206 259 1268 Ut
272 1207 344 1266 vidit
355 1207 449 1266 Pullos
463 1206 545 1264 Latio
559 1206 625 1264 dare
638 1215 717 1280 terge
729 1205 853 1282 sequaci,

217 1288 328 1364 Aspera
342 1285 421 1361 queis
434 1292 533 1356 nature
546 1284 603 1343 loci
616 1284 757 1342 dimittere
771 1285 884 1362 quando
900 1293 902 1300 ’

219 1365 315 1423 Suasit
328 1382 433 1441 equos3
455 1382 543 1423 unum
556 1364 633 1440 quod
647 1362 730 1421 rebus
744 1371 830 1422 restat
842 1363 951 1440 egenis,

218 1442 306 1502 Nunc
319 1459 413 1519 prece,
427 1460 505 1500 nunc
518 1443 600 1502 dictis
611 1442 746 1504 ¹virtutem
760 1443 890 1501 accendit
903 1442 1024 1502 amoris:

257 1517 324 1591 Qud
338 1520 444 1596 lugitis,
459 1521 550 1580 socii?
571 1540 623 1599 per
634 1539 686 1579 vos
699 1528 729 1579 et
741 1519 823 1580 sortia
835 1520 918 1597 lacta,

112 1619 113 1622 ¹
218 1599 275 1658 Per
288 1599 369 1658 ducis
384 1599 510 1668 Evandri
523 1618 638 1675 nomen,
653 1599 820 1678 devictaque
828 1599 918 1692 pella,
1124 1603 1184 1658 370

220 1677 364 1756 Spemque
377 1697 480 1754 meam,
493 1679 590 1756 patrios
605 1697 669 1756 quae
683 1697 759 1737 nunc
773 1677 849 1738 subrt
862 1679 965 1738 remulo
978 1678 1065 1755 leudi,

218 1757 313 1816 Fidite
327 1775 364 1815 ne
377 1757 506 1836 pedibus.
547 1758 636 1817 Ferro
650 1758 806 1834 rumpenda
818 1775 871 1834 per
883 1756 979 1816 hostes

219 1836 274 1894 Est
287 1836 342 1913 via,
356 1836 412 1914 qud
426 1835 527 1912 globus
540 1834 590 1894 ille
603 1835 694 1893 virdm
708 1835 894 1895 densissimus
907 1844 1008 1912 urget:
1054 1861 1056 1866 ·
1090 1882 1093 1888 .

219 1915 284 1972 Hdc
297 1935 348 1974 vos
362 1922 391 1974 et
403 1914 533 1972 Pallanta
546 1914 648 1972 ducem
661 1914 751 1991 patria
762 1914 821 1973 altu
833 1915 962 1992 reposcit.

217 1993 346 2053 Numine
358 1993 437 2052 nullo
449 2001 599 2071 premunt:
621 1993 731 2052 mortali
744 2012 877 2070 urgemur
890 1993 925 2052 ab
938 1994 1020 2054 hoste
1124 1997 1182 2052 ³75

218 2072 374 2132 Mortales:
395 2073 512 2132 totidem
524 2072 608 2131 nobis
622 2072 781 2150 animeque
795 2091 958 2150 manusque.
1083 2103 1087 2114 ·

219 2151 298 2211 Ecce
312 2151 396 2210 maris
410 2151 513 2229 magffi
527 2151 634 2211 claudit
646 2170 699 2210 nos
712 2151 795 2211 obice
808 2160 929 2230 pontus3

218 2231 310 2289 Decet
317 2232 378 2309 jam
392 2237 466 2288 terra
478 2230 571 2308 suge:
592 2231 719 2308 pelagus,
733 2231 888 2310 Trojumne
899 2231 1053 2366 petemus?

257 2308 331 2366 Hrec
344 2309 391 2382 ait,
405 2315 435 2366 et
448 2309 559 2367 medius
572 2311 675 2370 densos
688 2310 844 2387 prorumpit
856 2309 886 2366 iu
920 2317 1003 2368 ostes·
1036 2345 1042 2356 ·

218 2385 327 2444 Obvius
340 2385 408 2445 huic
421 2383 554 2463 primum,
568 2387 631 2446 satis
645 2389 782 2446 adductus
795 2388 908 2464 iniquis,
1124 2391 1181 2446 380

217 2464 267 2523 Fit
279 2465 373 2542 Lagus
386 2485 392 2522 :
413 2463 500 2539 hunc,
514 2483 617 2540 magno
630 2465 711 2525 vellit
723 2467 791 2524 dum
803 2468 930 2543 pondere
943 2485 1052 2542 saxum,

219 2543 325 2601 Intorto
340 2542 400 2619 figit
413 2542 480 2617 telo,
496 2543 659 2600 discrimine
672 2544 759 2602 costis

217 2620 274 2679 Per
287 2621 412 2680 medium
425 2621 482 2698 qud
495 2622 578 2698 spina
590 2622 678 2697 dedit,
691 2621 858 2700 hastamque
872 2631 998 2701 receptat

218 2699 337 2758 Ossibus
350 2700 516 2758 herentem.
558 2701 653 2771 Quem
667 2720 724 2760 non
737 2720 771 2760 su
792 2721 823 2761 er
835 2711 955 2778 occupat
968 2700 1070 2778 Hisbo,

218 2777 271 2837 Ille
285 2779 401 2856 quidem
413 2779 469 2837 hoc
483 2796 617 2856 speranr;
637 2799 703 2839 nem
717 2722 811 2840 Palios
826 2776 891 2840 ante
905 2789 1041 2856 mentem,
1123 2785 1180 2840 385

217 2858 296 2915 Dum
310 2858 384 2934 furit,
399 2858 544 2917 incautum
557 2859 664 2917 crudeli
677 2867 766 2920 morte
780 2859 893 2921 sodalis.

217 2937 345 3015 Excipit,
360 2945 443 3015 etque
458 2955 556 2996 ensem
569 2938 678 2996 tumido
691 2939 721 2996 in
734 2939 869 3016 pulmone
883 2937 1016 2998 recondit.

217 3017 295 3074 Hinc
309 3016 477 3076 Sthenelum
490 3016 571 3095 petit,
585 3024 614 3075 et
625 3016 724 3076 Rhoeti
738 3018 774 3076 de
788 3025 871 3094 gente
884 3016 995 3076 vetustt

216 3094 436 3170 Anchemolum,
450 3095 590 3156 thalamos
604 3115 703 3166 cusum
717 3095 854 3154 incestare
867 3113 1006 3154 norercse.

140 3239 141 3243 η
217 3173 278 3230 Vos
292 3173 377 3232 etiam
391 3174 497 3249 gemini
509 3175 624 3234 Rutulis
638 3174 779 3234 cecidistis
792 3176 822 3232 in
836 3175 918 3248 arvis,
1122 3179 1180 3234 390

218 3251 338 3325 Daunia,
353 3252 456 3309 Laride
470 3251 683 3328 Thymberque,
698 3252 840 3309 simillima
851 3251 955 3328 proles,

218 3327 374 3387 Indiscreta
386 3329 453 3402 suis,
468 3337 561 3404 gratus
581 3349 617 3387 ue
629 3328 792 3406 parentibus
806 3348 897 3386 error:

217 3404 257 3462 At
270 3423 345 3462 nunc
360 3407 428 3462 dura
442 3405 520 3464 dedit
532 3350 613 3464 volsis
625 3405 787 3464 discrimina
800 3405 911 3464 Pallas:

218 3481 249 3540 N
250 3501 296 3538 am
309 3481 370 3556 tihi,
385 3481 541 3559 Thymbre,
557 3491 642 3560 caput
654 3483 816 3542 Evandrius
830 3481 944 3542 abstulit
957 3483 1052 3560 ensis;

218 3560 263 3618 Te
276 3560 372 3618 decisa
385 3579 477 3635 suum,
491 3563 604 3636 Laride,
619 3562 735 3621 dextera
749 3562 858 3638 querit,
1121 3569 1183 3624 395
1299 3633 1300 3640 ἵ

220 3637 464 3716 Semianimesque
477 3639 584 3700 micant
590 3640 685 3717 digiti,
699 3640 861 3717 ferrumque
873 3648 1033 3702 retractant

257 3716 382 3777 Arcades
397 3733 531 3776 accensos
544 3719 662 3795 monitu,
677 3729 706 3779 et
717 3719 852 3799 praeclsra
864 3727 977 3779 tuentes

219 3797 309 3856 Facta
320 3796 382 3872 viri,
397 3795 502 3854 mixtus
515 3796 595 3856 dolor
608 3806 637 3857 et
648 3800 738 3876 pudor
751 3805 839 3856 armet
851 3797 880 3858 in
894 3798 998 3857 hostes.

220 3875 296 3933 Tum
309 3875 404 3933 Pallas
417 3874 520 3953 bijugis
533 3875 686 3952 lugientem
700 3878 823 3935 Rboetea
835 3885 936 3953 preter

220 3953 359 4031 Traq'icit:
380 3954 435 4012 hoc
449 3954 579 4031 spatium,
592 3962 759 4030 tentumque
773 3973 858 4012 morae
872 3954 925 4012 fuit
938 3953 1001 4012 llo:
1123 3961 1184 4015 400

221 4030 264 4090 llo
277 4032 400 4108 namque
413 4031 509 4110 procul
523 4032 644 4090 validum
658 4031 798 4090 direxerat
810 4032 928 4104 hostem,
1026 4076 1028 4080 -
