2712 4488
188 495 259 558 ,258
604 491 782 548 AENlllDOS

207 645 238 705 Si
250 663 328 702 moro
340 642 486 722 presentis
498 641 549 700 leti
560 650 729 720 tempusque
742 642 850 702 caduco

205 724 309 783 Orotur
317 723 427 801 juveni,
441 739 543 798 meque
556 720 612 779 hoc
625 722 782 798 iteponere
795 720 900 796 sentis3

206 801 289 860 Tolle
302 801 369 878 lugd
384 801 523 874 Turnum,
538 808 622 876 etque
634 799 803 858 instantibus
818 799 896 876 eripe
909 799 992 858 sotis:

206 880 352 938 Hactenus
365 879 515 938 indulsisse
528 887 618 936 vocet.
661 879 711 936 Sin
726 878 807 936 nltior
819 879 880 937 istis
1114 885 1175 938 625

207 957 267 1017 Sub
280 951 413 1036 precibus
426 957 511 1015 venis
523 956 580 1013 ulle
593 956 670 1030 latet,
685 965 831 1034 totumque
844 956 952 1015 moveri

206 1037 347 1096 Mutcrive
360 1045 442 1114 putcs
454 1034 580 1107 bellum3
601 1052 667 1112 spes
680 1035 773 1112 poscis
786 1037 895 1094 inanes.
959 1055 964 1066 ·

205 1115 246 1174 Et
258 1116 332 1174 Juno
347 1115 555 1190 odlncrymons:
578 1113 656 1183 Quid
670 1115 703 1188 si,
717 1115 794 1191 quod
806 1133 877 1172 voce
891 1112 1023 1189 graveris,

206 1194 307 1253 Mente
321 1194 418 1267 deres3
439 1200 523 1268 utque
536 1190 599 1250 haec
613 1191 712 1250 Turno
726 1201 785 1250 roto
797 1193 855 1251 vitu
867 1194 1014 1252 maneret?

205 1272 294 1330 Nunc
309 1280 404 1330 mmet
416 1272 558 1329 insontem
572 1271 664 1346 gravis
679 1270 780 1346 exitus,
796 1280 844 1330 out
857 1289 910 1347 ego
923 1271 984 1329 veri
1112 1276 1172 1330 6³0

205 1351 289 1409 Vena
301 1350 392 1409 feror:
413 1349 489 1427 quod
504 1357 534 1406 ut
548 1368 564 1406 o
577 1346 673 1425 potiris
685 1349 835 1408 formidine
848 1349 919 1408 salsi

206 1426 318 1503 Lndo'r5
340 1429 411 1487 etin
425 1427 527 1486 melius
541 1436 599 1502 tue,
614 1428 662 1505 qui
672 1436 763 1505 potes,
778 1447 840 1486 orso
849 1428 993 1488 reflectos!

245 1507 316 1566 Haec
330 1507 379 1565 ubi
393 1508 469 1566 dicte
481 1507 569 1581 dedit,
584 1506 658 1564 coelo
670 1526 700 1564 se
713 1514 847 1583 protenus
862 1507 917 1566 alto

206 1585 295 1662 Misit,
311 1605 396 1662 egens
410 1585 544 1661 hiemem,
558 1585 657 1642 nimbo
670 1585 814 1643 succincta
826 1605 878 1664 per
891 1604 992 1644 cures:
1066 1627 1075 1646 .
1088 1658 1092 1668 .

208 1664 383 1740 lliocomque
395 1664 485 1722 eciem
500 1673 529 1723 et
541 1665 694 1738 Laurentio
706 1672 797 1722 costra
808 1665 928 1741 petivit·
1108 1668 1172 1732 ‚635

206 1743 283 1800 Tum
298 1743 352 1800 deo
363 1743 440 1800 nube
454 1743 524 1800 ccvi
537 1751 653 1800 tenuem
668 1743 729 1800 sine
742 1743 849 1801 viribus
862 1743 990 1802 umbram

207 1821 241 1878 ln
254 1821 355 1880 sociem
364 1821 467 1878 AEneae
486 1818 563 1896 (visu
577 1819 704 1877 mirabile
717 1821 887 1899 monstrum)

206 1900 356 1958 Dardaniis
370 1906 450 1956 ornot
461 1899 544 1970 telis;
566 1897 753 1975 clypeumque
762 1899 902 1978 jubesque

205 1979 305 2037 Divini
320 1977 464 2036 assimulat
476 1977 594 2054 copitis;
616 1978 663 2036 dni
675 1979 771 2037 inanis
784 1978 888 2053 verbn;

206 2059 265 2116 Det
277 2058 338 2116 sine
352 2064 446 2114 mente
461 2075 573 2129 sonum,
588 2075 756 2134 gressusque
770 2057 878 2134 effingit
891 2055 1003 2115 euntis:

207 2135 301 2195 Morte
315 2136 392 2194 obiti
405 2136 501 2213 quoles
515 2133 590 2192 foma
603 2143 646 2192 est
658 2135 774 2194 volitare
788 2137 900 2213 figuras,

207 2217 267 2274 Aut
280 2234 343 2292 quse
358 2215 463 2291 sopitos
477 2213 614 2271 deludunt
627 2215 736 2273 somnio
749 2234 858 2273 sensus.
956 2241 959 2250 ·

207 2295 246 2352 At
258 2295 361 2370 primns
374 2293 440 2351 laeto
453 2300 517 2350 onte
532 2292 606 2350 ecies
620 2292 742 2351 exsultat
754 2295 857 2369 imago,
914 2339 924 2363 ,

207 2371 355 2448 Irritotqne
368 2371 460 2428 virum
473 2369 547 2444 telis,
562 2377 591 2426 et
603 2388 673 2428 voce
686 2370 807 2428 lacessit.

209 2449 298 2507 lnstot
311 2450 358 2507 cui
371 2448 494 2523 Turnus,
509 2448 729 2523 stridentemque
743 2450 854 2508 eminus
867 2450 977 2510 hostem
1088 2509 1090 2514 .

208 2527 347 2606 Conjicit3
368 2526 417 2584 illo
431 2526 495 2584 dato
508 2526 592 2584 vertit
604 2525 723 2602 vestigio
736 2535 823 2602 tergo.

207 2605 284 2663 Tum
297 2603 364 2663 vero
378 2605 492 2662 AEnean
507 2623 635 2662 eversum
649 2612 680 2662 ut
693 2606 794 2664 cedere
808 2605 923 2664 Turnus
1123 2665 1125 2670 ,

209 2685 345 2759 Credidit,
360 2692 443 2761 etque
454 2685 548 2742 animo
562 2701 643 2760 spem
653 2684 781 2742 turbidus
794 2684 888 2746 hausit
901 2685 1032 2744 inanem:

210 2760 275 2834 Quo
289 2763 371 2839 iugis,
385 2763 502 2821 AEncn?
520 2762 661 2836 tholemos
674 2782 711 2821 ne
725 2765 823 2822 desere
836 2773 949 2842 pactos:

208 2843 274 2901 Hic
288 2843 400 2901 debitur
414 2841 512 2899 dextri
525 2841 609 2900 tellus
623 2842 741 2917 quesita
753 2861 804 2919 per
816 2841 916 2900 undas.

209 2921 291 2980 Talis
302 2921 458 2981 vociferans
472 2921 607 2998 sequitur,
621 2921 803 2998 strictumque
817 2929 945 2980 coruscat

210 3001 390 3076 Mucronem,
404 3019 458 3058 nec
471 2999 543 3058 serre
557 3000 634 3058 videt
647 3019 698 3058 sue
711 3001 812 3076 gaudia
823 3008 932 3059 ventos.
964 3044 967 3048 -
1007 3022 1026 3068 ,·

246 3076 333 3138 Ἑοηὲ
348 3079 423 3153 rotis,
438 3077 507 3136 celsi
519 3081 670 3157 conjuncte
683 3079 826 3156 crepidine
840 3079 911 3154 suxi,

209 3157 356 3234 Expositis
370 3157 460 3215 stsbut
473 3157 556 3214 scolis
570 3165 599 3215 et
610 3165 696 3233 ponte
708 3166 814 3234 pereto,

210 3235 277 3305 Qud
289 3253 340 3292 rcx
353 3234 478 3292 Clusinis
493 3236 626 3293 advectus
640 3234 755 3293 Osinius
765 3235 832 3292 oris.

210 3312 276 3368 Huc
290 3330 352 3369 sese
365 3308 474 3387 trepida
486 3311 589 3368 AEneae
603 3311 735 3384 fugientis
748 3312 841 3386 imago
917 3316 923 3330 ‘

209 3389 333 3466 conjicit
346 3389 375 3445 in
388 3388 525 3461 lotebrns;
546 3406 600 3446 nec
613 3387 728 3446 Turnus
741 3389 853 3464 segnior
865 3388 962 3464 instat,

210 3465 426 3542 Exsuperetque
439 3485 539 3542 moras,
554 3473 582 3523 et
594 3473 693 3542 pontes
706 3466 826 3525 transilit
837 3467 915 3525 altos.

210 3544 270 3602 Vix
281 3562 391 3621 prorem
405 3545 540 3620 attigeret,
554 3543 657 3620 rumpit
671 3544 799 3602 Saturnia
811 3545 918 3619 funem,

209 3623 400 3699 Avulsomque
413 3621 622 3700 ropitrevoluta
634 3642 685 3699 per
699 3641 811 3699 aequorc
823 3643 933 3682 novem.

211 3702 295 3761 Illum
308 3708 403 3761 eutem
416 3702 525 3759 AEnecs
539 3700 682 3760 absentem
696 3702 726 3759 in
739 3701 838 3778 proelio
849 3703 958 3778 poscit:

210 3781 302 3840 Obvin
314 3780 404 3839 multe
413 3777 504 3838 virdm
518 3779 637 3838 demittit
650 3799 765 3856 corpora
778 3781 868 3838 morti.

249 3859 324 3916 Tum
339 3858 410 3917 levis
422 3858 499 3915 hnud
512 3855 584 3915 ultmi
597 3858 714 3915 latebras
724 3861 783 3935 jem
797 3859 896 3935 quaerit
908 3859 1009 3935 imago,

212 3935 269 3992 Sed
282 3934 401 3995 sublimd
415 3936 514 3994 volens
526 3935 595 3992 nubi
609 3953 639 3991 se
652 3935 805 3993 immiscuit
818 3944 883 3995 stne
896 3957 902 3992 :

212 4012 307 4086 Quum
321 4014 449 4073 Turnum
462 4013 555 4072 medio
568 4012 674 4069 interca
686 4011 739 4069 lert
752 4031 863 4088 aequore
877 4010 966 4071 turbo.
