2712 4488
249 511 303 568 ss
622 509 822 588 ,nsuroos

251 660 377 738 Accessi,
392 668 421 721 et
433 661 553 739 cupidus
566 660 676 720 Phenei
690 659 744 718 sub
757 659 861 718 moenis
873 659 952 718 duxi.

251 739 305 798 Ille
318 740 389 798 mihi
403 740 542 816 inignem
554 740 714 818 pheretram
727 739 887 815 Lyciasque
899 739 1023 816 sagittas,

251 817 421 894 Discedens,
435 819 670 896 chlamydemque
684 835 751 875 auro
764 817 842 876 dedit
855 817 1045 895 intertextam,

251 894 401 974 Frenaque
415 897 483 956 bina
494 915 575 954 meus
588 915 652 973 qun
666 913 743 954 nunc
755 895 842 954 habet
854 913 939 954 aures
951 897 1053 955 Pelias.

252 975 330 1050 Ergo
343 985 372 1034 et
384 994 469 1052 quam
481 975 577 1053 petitis
587 977 688 1052 juncta
699 982 743 1032 est
755 974 826 1032 mihi
838 973 943 1033 fredere
956 975 1071 1034 dextra:

252 1053 301 1128 Et,
315 1053 365 1112 lux
377 1073 466 1130 quum
478 1049 600 1131 primuim
613 1052 693 1111 terris
706 1071 737 1110 se
750 1053 871 1110 crastina
883 1055 990 1129 reddet,

251 1131 368 1191 Auxilio
380 1131 462 1191 ltetos'
473 1130 622 1206 dimittam,
636 1131 794 1208 opibusque
803 1131 918 1224 Juvsbo.

252 1209 364 1269 luteres
376 1228 454 1268 secra
466 1208 538 1284 hec,
552 1210 665 1286 qusndo
678 1208 863 1288 hucvensstrs
877 1211 969 1286 amici,

251 1291 365 1364 Annua,
379 1307 444 1364 qum
458 1287 570 1346 differre
583 1287 671 1363 nefas,
685 1287 826 1346 celebrate
839 1287 966 1347 faventes

250 1366 419 1441 Nobiscum,
433 1373 462 1426 et
470 1368 532 1445 jam
545 1385 621 1426 nunc
634 1367 774 1426 sociorum
788 1367 939 1426 assuescite
952 1367 1066 1428 mensis.
1336 1430 1339 1443 ι

290 1445 362 1503 Haec
375 1444 424 1503 ubi
437 1446 521 1520 dicte,
535 1446 622 1522 depes
631 1445 715 1525 johet
728 1452 757 1503 et
769 1445 878 1503 sublata
890 1446 988 1524 reponi
1155 1449 1210 1504 1⁷5

251 1521 367 1598 Poenis,
381 1524 580 1601 gramineoque
594 1524 668 1582 visus
682 1524 757 1583 locat
770 1524 832 1602 ipse
845 1523 946 1598 sedili3
1240 1561 1243 1574 ·

251 1601 486 1679 Praecipuumque
498 1610 560 1660 toro
572 1609 602 1661 et
613 1603 706 1662 villosi
719 1603 795 1680 pelle
807 1602 898 1661 leonis

251 1680 363 1756 Accipit
375 1680 499 1757 AEncsn,
513 1680 641 1756 solioque
653 1682 754 1740 invitat
766 1699 877 1740 scerno.
919 1731 925 1746 ,

251 1757 327 1816 'l'ttm
340 1758 406 1817 lecti
415 1759 678 1838 juvenescertatim
692 1777 804 1836 sraeque
818 1759 947 1818 sacerdos

250 1834 369 1896 Viscera
381 1844 453 1895 tosta
465 1837 559 1894 lerunt
570 1844 721 1910 taurorum,
736 1845 909 1913 onerantque
922 1837 1058 1896 canistris¹

252 1915 336 1974 Dona
350 1914 480 1973 laboratae
495 1914 616 1987 Cereris,
630 1913 834 1990 Bacchumque
849 1915 1014 1974 ministrant

252 1992 384 2052 Vescitur
396 1993 514 2070 AEneas,
527 1990 611 2052 dmul
624 2000 653 2050 et
666 1992 789 2070 Trojans
798 1995 943 2071 Juventus,
968 2049 972 2060 ,

251 2070 385 2148 Perpetui
397 2080 476 2149 tergo
489 2070 570 2130 bovis
584 2077 613 2129 et
625 2069 785 2150 lustralibus
799 2072 881 2130 extis.
916 2090 925 2126 t
942 2115 946 2126 .
1012 2103 1015 2113 ·

290 2151 444 2228 Postquam
458 2161 591 2227 exempts
603 2148 700 2224 semes,
716 2157 744 2206 'et
756 2167 835 2207 umor
847 2164 1024 2225 compressus
1037 2149 1150 2228 edendi,

251 2228 318 2287 Rex
331 2229 481 2287 Evandrus
495 2228 551 2286 sit:
572 2227 715 2286 Nonhesc
728 2227 865 2286 solemnia
877 2227 968 2302 nobis,
1154 2231 1209 2288 185

252 2307 314 2365 Has
327 2325 364 2365 ex
377 2325 455 2364 more
469 2307 565 2384 dapes,
579 2305 652 2363 hane
665 2306 735 2364 tenti
748 2306 871 2364 numinis
885 2325 969 2380 mam,

251 2384 335 2442 Vsua
348 2384 507 2462 superstitio
520 2391 704 2460 veterumque
716 2383 943 2458 ignarsdeorum
1009 2397 1014 2408 ·

253 2463 407 2538 Imposuit:
429 2461 520 2538 sevis,
534 2461 637 2552 hospes
650 2459 782 2539 Trojaue,
795 2460 908 2538 periclis
945 2496 947 2502 ·

167 2599 176 2606 ,
254 2541 362 2599 Servati
375 2541 501 2613 fecimus,
516 2547 685 2616 mentosque
698 2557 834 2597 novemus
846 2539 977 2598 honores.

251 2618 315 2677 Jam
328 2614 450 2696 primdm
464 2617 539 2676 saxis
549 2635 583 2676 su
634 2637 714 2676 nam
727 2617 801 2676 hanc
815 2617 929 2696 adspice
942 2637 1057 2696 rupem;
1154 2627 1209 2680 190
1335 2678 1338 2687 ,

253 2697 386 2776 Disjectse
399 2695 497 2774 procul
509 2704 542 2755 ut
554 2715 651 2772 moes,
666 2696 830 2774 desertaque
843 2696 946 2756 montis
1048 2762 1052 2772 Ι
1129 2741 1131 2748 s

253 2776 315 2846 Stat
327 2775 438 2852 domas,
451 2783 481 2835 et
493 2775 601 2853 scopuli
613 2774 757 2851 ingentem
770 2771 880 2834 trsndre
894 2775 1013 2834 minem.

253 2852 312 2912 Hic
326 2854 465 2930 spelunca
475 2853 537 2929 fuit,
550 2862 630 2912 vasto
643 2853 774 2913 submota
786 2873 907 2929 recessu,

255 2932 455 3000 Semihominis
468 2933 539 2992 Caci
551 2932 638 2991 facies
651 2951 735 3011 quam
750 2933 811 2991 dira
822 2933 945 3011 tenebat,
1025 2947 1027 2954 '

255 3010 329 3069 Solis
341 3011 515 3071 inaccessam
528 3011 630 3085 radiis;
652 3029 817 3088 semperque
830 3013 937 3071 recenti

254 3089 342 3148 Caede
355 3091 470 3168 tepebat
481 3091 604 3163 humus3
624 3090 786 3166 foribusque
800 3090 883 3148 affixa
896 3089 1024 3169 superhis

255 3167 312 3226 Ora
324 3168 415 3227 virium
429 3169 499 3228 tristi
511 3168 673 3246 pendebant
684 3167 789 3245 psllida
801 3169 875 3226 tabo.
1013 3189 1015 3194 ¹

255 3245 332 3305 Huic
345 3255 469 3314 monstro
483 3246 628 3306 Vulcanus
640 3255 700 3304 erat
711 3255 790 3322 poter
803 3265 810 3302 :
830 3245 905 3305 illius
918 3253 991 3303 atros

256 3323 313 3383 Οτι
325 3343 442 3382 vomens
455 3325 544 3416 ignes,
558 3323 659 3399 magud
672 3342 703 3381 se
717 3322 791 3379 mole
804 3322 919 3382 ferebat.

255 3402 359 3461 Attulit
370 3400 493 3460 etsnobrs
506 3400 654 3476 aliquando
667 3399 827 3476 optantibus
840 3408 907 3458 estse

255 3479 402 3538 Auxilium
416 3480 623 3554 adventumque
637 3477 702 3536 dei:
723 3496 789 3534 nem
801 3478 942 3536 maximus
954 3467 1035 3554 ultor,

255 3557 418 3633 Tergemini
431 3575 502 3617 nece
515 3556 654 3632 Geryonae
669 3553 819 3632 spoliisque
832 3555 978 3633 superbus,

256 3634 371 3695 Alcides
385 3636 487 3709 aderat,
501 3642 650 3712 taurosque
662 3633 716 3692 haio
729 3635 818 3692 victor
830 3634 930 3711 sgebm

259 3713 409 3790 Ingentes3
428 3713 586 3788 vallemque
598 3713 686 3772 boves
699 3731 867 3790 amnemque
880 3712 1020 3774 tenebant.

257 3793 298 3850 At
310 3791 388 3851 iuriis
401 3792 470 3851 Caci
483 3809 563 3870 mens
575 3790 671 3866 effera,
684 3811 721 3852 ne
734 3791 801 3868 quid
814 3792 943 3852 inausum
980 3849 984 3857 .

257 3870 317 3927 Aut
329 3871 504 3930 intractatum
517 3869 666 3929 scelerisve
680 3870 773 3928 dolive
785 3869 890 3945 fuisset,

260 3946 389 4018 Qustuor
402 3967 418 4006 a
431 3947 546 4007 stshsslis
557 3948 701 4024 prestenti
714 3966 829 4024 corpore
842 3957 934 4008 tauroe

259 4023 378 4102 Avertit,
390 4026 507 4086 totidem
519 4025 608 4084 sormi
619 4033 769 4102 superstite
779 4027 935 4102 juvenem
