2540 4320
487 411 601 471 LIBER
620 419 683 472 Xll.
1027 427 1081 480 305

100 562 252 622 Dicuntur
265 565 387 641 geminae
400 576 495 642 pestes
509 568 679 642 cognomine
692 570 780 645 Dirae,
1021 579 1081 633 845·

103 642 187 713 Quas
202 650 233 700 et
246 642 415 709 Tartaream
423 644 492 702 Nox
505 645 675 722 intempesta
688 649 846 724 Megaeram

27 790 28 797 ἵ
102 721 174 780 Uno
190 721 351 798 eodemque
365 722 431 780 tulit
442 732 533 799 partu,
547 725 717 802 paribusque
731 729 853 788 revinxit

104 799 386 877 Serpentirmspiris,
401 811 590 878 ventosasque
605 805 713 870 eddidit
725 806 791 866 alas.

102 879 162 936 Hae
176 877 259 936 Jovis
273 880 307 936 ad
321 879 434 954 solium,
449 880 573 958 saevique
587 882 616 938 iu
629 882 728 940 limine
742 885 825 960 rcgis,

101 959 265 1034 Apparent,
281 967 442 1034 acuuntque
456 968 563 1017 metum
578 961 741 1020 mortalibus
756 964 846 1039 aegris,

104 1037 138 1094 Si
152 1036 268 1112 quando
283 1036 372 1096 letum
386 1038 549 1096 horrificum
563 1039 733 1117 morbosque
747 1042 832 1100 deirm
845 1063 896 1101 rex
916 1073 919 1082 v

13 1141 14 1146 ¹
103 1115 236 1190 Molitur,
252 1117 365 1174 meritas
380 1125 428 1175 aut
440 1116 516 1175 bello
529 1118 636 1185 territat
649 1120 742 1178 urbes.
778 1178 781 1181 ,

103 1194 219 1252 Harum
233 1213 318 1252 unam
333 1191 457 1254 celerem
470 1196 585 1253 demisit
598 1196 633 1253 ab
648 1198 754 1256 aethere
768 1218 880 1258 summo

101 1273 226 1350 Jupiter,
241 1274 327 1350 inque
342 1293 427 1332 omen
440 1274 569 1331 Juturnae
583 1293 729 1334 occurrere
739 1279 833 1354 jussit.

36 1387 37 1398 κ
104 1352 159 1409 Ille
173 1353 258 1427 volat,
272 1354 415 1430 celerique
429 1353 464 1409 ad
478 1361 580 1410 terram
594 1354 706 1412 turbine
719 1355 824 1413 fertur:

102 1431 135 1489 N
136 1451 174 1487 on
190 1449 271 1488 secus
286 1450 318 1488 ec
331 1450 420 1488 nervo
433 1449 484 1506 per
497 1431 602 1489 nubem
616 1432 737 1509 impulse
749 1435 857 1510 sagitta,

102 1511 254 1567 Armatam
268 1509 338 1566 saevi
351 1509 472 1567 Parthus
486 1528 570 1584 quam
584 1509 650 1574 selle
663 1513 778 1586 veneni,

102 1589 238 1662 Parthus,
253 1588 313 1645 sive
328 1587 543 1663 Cydon,-telum
557 1588 776 1664 immedicabile,
790 1591 887 1665 torsit3

105 1667 246 1741 Stridens,
261 1675 289 1724 et
302 1666 409 1725 celeres
422 1667 568 1742 incognita
581 1668 700 1726 transilit
712 1669 834 1726 umbras.

105 1746 188 1803 Talis
201 1765 232 1804 se
246 1753 305 1802 sata
317 1745 413 1803 Nocte
428 1745 499 1820 tulit,
514 1754 656 1823 terrasque
669 1747 777 1823 petivit.

144 1823 301 1900 Postquam
315 1823 391 1882 scies
405 1825 484 1883 videt
497 1824 598 1882 Iliacus
613 1835 696 1902 atque
711 1827 822 1902 agmina
836 1827 934 1904 Turni,

105 1903 192 1962 Alitis
205 1904 234 1960 in
248 1923 341 1980 parvae
356 1903 478 1961 subitam
492 1904 610 1961 collecta
623 1905 750 1980 figuram,

106 1982 183 2053 Quae
198 1982 339 2057 quondam
352 1983 382 2039 iu
396 1983 486 2040 bustis
500 1991 548 2040 aut
561 1982 731 2040 culminibus
745 1985 863 2043 desertis
887 2020 890 2026 -
906 2004 919 2020 ‘-

104 2061 201 2137 Nocte
215 2060 317 2118 sedens
331 2059 424 2118 serum
439 2061 516 2118 cauit
528 2061 688 2137 importuna
700 2082 751 2139 per
763 2063 876 2123 umbros
888 2085 894 2122 :

104 2139 192 2197 Hanc
206 2143 288 2197 versa
300 2139 329 2196 in
342 2140 453 2214 faciem,
469 2139 560 2197 Turni
573 2159 604 2197 se
617 2141 705 2217 pestis
720 2141 756 2199 ob
770 2161 818 2199 ora

104 2219 231 2295 Fertque
245 2218 383 2295 refertque
397 2238 508 2293 sonans,
523 2219 711 2296 clypeumque
724 2221 872 2281 everberat
886 2221 944 2280 alis.

104 2297 154 2355 Illi
168 2297 293 2356 membra
306 2317 396 2356 novus
410 2297 493 2356 solvit
506 2297 655 2356 formidine
669 2307 770 2376 torpor,

104 2378 288 2454 Arrectaeque
301 2376 413 2435 horrore
428 2396 528 2452 comae,
544 2384 572 2435 et
583 2396 641 2435 vox
653 2377 781 2436 faucibus
794 2379 884 2438 haesit
992 2407 997 2417 ·

104 2456 267 2532 Atuprocul
281 2464 313 2514 ut
326 2456 404 2514 Dirae
416 2456 566 2515 stridorem
582 2457 697 2532 ognovit
710 2466 739 2516 et
751 2440 817 2534 alas,
987 2453 990 2459 ’

106 2533 212 2592 Infelix
226 2535 316 2592 crines
330 2536 432 2594 scindit
443 2536 461 2593 J
463 2543 566 2593 utuma
579 2536 693 2611 solutos,

106 2611 258 2687 Unguibus
272 2631 320 2670 ora
333 2632 410 2671 soror
422 2614 531 2672 loedaus
545 2621 574 2671 et
585 2622 699 2690 pectora
711 2617 821 2691 pugnis.

108 2690 187 2761 Quid
200 2691 277 2748 nunc
291 2698 319 2747 te
333 2698 388 2765 tua,
404 2693 509 2766 Turne,
523 2699 616 2768 potest
629 2711 761 2766 germana
770 2695 892 2783 juvare?

1 2842 2 2848 ἵ
106 2770 168 2825 Aut
181 2768 247 2845 quid
257 2770 318 2845 jam
331 2767 408 2825 durae
423 2777 535 2848 superat
548 2769 639 2826 mihi?
661 2770 716 2846 quai
729 2768 779 2825 tibr
793 2769 885 2832 lucem

106 2849 177 2905 Arte
192 2847 304 2903 morer?
324 2846 404 2903 talin'
416 2865 530 2922 possum
545 2865 591 2904 me
605 2865 747 2923 opponere
760 2849 905 2904 monstro?

106 2926 124 2984 J
126 2945 171 2984 am
181 2927 242 3003 jam
256 2923 351 3000 linquo
366 2925 449 2982 acies.
489 2925 519 2982 N
521 2943 537 2981 e
550 2943 596 2982 me
610 2933 710 2982 terrete
723 2924 879 2998 timentem,

108 3003 258 3062 Obscoeure
272 3003 418 3075 volucres;
440 3002 674 3060 clarumverbero
687 3020 783 3076 nosco,

108 3084 293 3160 Letalemque
307 3100 424 3154 sonum3
446 3099 499 3139 nec
513 3079 613 3138 fallunt
621 3082 702 3157 jussa
715 3080 834 3156 superba

108 3160 286 3238 Magnanimi
297 3161 315 3218 J
316 3161 384 3219 ovis.
425 3160 497 3218 Haec
509 3177 560 3235 pro
572 3157 730 3233 virginitate
743 3158 874 3235 reponit?

110 3237 175 3310 Qud
189 3241 276 3299 vitam
290 3239 367 3297 dedit
380 3239 535 3297 aeternam?
556 3255 606 3294 our
619 3236 714 3293 mortis
729 3233 858 3314 adempta
872 3245 914 3295 est
962 3303 966 3308 v

109 3318 242 3376 conditio
256 3321 267 3375 ἓ
287 3337 398 3395 possem
412 3325 503 3376 tantos
517 3315 597 3373 finire
611 3314 720 3373 dolores

109 3396 195 3456 Nunc
208 3393 293 3471 certd,
308 3405 336 3455 et
348 3397 451 3461 mbero
463 3395 540 3453 fratri
553 3412 647 3452 comes
662 3393 702 3451 ire
715 3411 767 3470 per
779 3394 898 3452 umbras.

110 3474 278 3533 immortalis
291 3477 365 3550 ego?
387 3482 434 3532 sut
447 3473 598 3551 quidquam
612 3471 681 3529 mibi
694 3471 777 3530 dulce
791 3491 916 3530 meorum
1002 3501 1004 3505 ⁷

110 3554 154 3611 Te
168 3553 239 3627 siue,
254 3552 345 3627 irater,
359 3553 433 3611 erit?
467 3552 570 3628 Oquae
585 3547 651 3608 satis
666 3551 720 3609 alta
733 3549 861 3610 dehiscat

0 3654 2 3658 ’
110 3632 198 3689 Terra
211 3630 290 3704 mihi,
304 3649 456 3706 manesque
470 3630 552 3686 deam
567 3628 695 3687 demittet
707 3628 742 3686 ad
755 3628 846 3707 imos!

111 3707 234 3768 Tantum
248 3707 340 3783 effata,
353 3716 437 3784 caput
449 3708 550 3782 glauco
564 3707 689 3764 contexit
702 3706 805 3764 amictu

110 3788 205 3847 Multa
219 3804 344 3864 gemens,
359 3794 388 3843 et
400 3805 430 3843 se
442 3786 529 3845 fluvio
543 3785 597 3843 dea
609 3784 734 3842 condidit
747 3784 810 3842 alto.
922 3806 925 3816 ·

150 3867 257 3924 AEueus
271 3865 356 3922 instrat
368 3861 473 3940 contri,
487 3863 630 3938 telumque
644 3870 770 3920 coruscet

112 3945 225 4022 lugens,
241 3943 396 4019 arboreum,
410 3952 439 4002 et
451 3962 525 4008 saevo
538 3941 578 4000 sic
591 3948 703 4017 pectore
717 3939 788 3998 latur
799 3960 817 4003 εῚ

304 4026 339 4079 26
352 4022 368 4054 *
