2712 4488
217 519 270 574 280
616 519 793 576 AENEIDOS

219 667 333 726 Maudit
345 666 474 742 bumum,
488 668 666 744 moriensque
681 687 731 726 suo
746 687 776 726 se
794 669 821 726 iu
837 669 954 728 vulnere
969 677 1068 728 versat

219 747 294 804 Tum
309 745 407 821 Lirim,
421 747 619 822 Pagasumque
633 744 734 823 supir3
749 766 867 824 quorum
882 747 951 806 alter
963 749 1088 807 habenas
1129 755 1191 806 670

221 824 349 883 Suffosso
362 825 505 883 revolutus
519 843 591 901 equo
606 825 673 882 dum
686 825 801 901 colligit,
816 826 885 884 alter

220 905 299 960 Dum
315 903 399 978 subit,
414 922 446 960 ac
460 902 587 960 dextram
601 903 707 961 labenti
720 905 812 962 tendit
824 904 971 980 inermem,

220 982 385 1058 Praecipites
398 982 557 1058 pariterque
572 991 664 1039 munt.
707 982 762 1046 His
777 983 855 1042 addit
866 985 1030 1042 Amastrum

221 1061 422 1137 Hippotaden;
448 1061 629 1136 sequiturque
643 1059 812 1118 incumbens
825 1061 937 1119 eminus
950 1062 1031 1122 hasta

221 1139 378 1215 Tereaque,
394 1139 655 1214 Harpalycumque,
670 1146 699 1196 et
712 1138 942 1216 Demophoonta,
956 1140 1118 1200 Chromim·

259 1235 333 1291 que
1128 1225 1188 1278 ars

222 1295 354 1371 Quotque
369 1295 472 1352 emissa
484 1314 570 1352 manu
584 1293 719 1352 contorsit
731 1294 881 1372 spicula
853 1313 942 1372 virgo,

221 1375 276 1430 lot
290 1371 362 1449 Phry
397 1391 407 1429 1
399 1371 589 1431 cecrdere
562 1374 623 1432 vrri.
665 1373 770 1432 Procul
785 1373 910 1450 Ornytus
923 1375 1007 1434 armis

222 1453 243 1506 Ι
237 1451 327 1522 quotis
342 1393 457 1528 quuo
470 1461 587 1510 venator
601 1451 707 1528 Iapyge
720 1451 823 1510 fertur:

221 1497 277 1586 tlui
290 1529 373 1606 pellis
387 1529 457 1588 latos
471 1531 605 1589 humeros
619 1539 698 1607 crept
698 1549 715 1587 a
723 1534 850 1608 jurenco

220 1608 373 1682 Pugnatori
387 1609 494 1702 operit3
515 1618 600 1688 caput
613 1609 713 1684 ingens
727 1610 782 1666 oris
795 1609 889 1668 hiatus

221 1685 260 1744 Et
274 1687 354 1744 malae
369 1685 466 1744 texire
480 1687 540 1764 lupi
553 1707 618 1746 eum
632 1687 763 1746 dentibus
777 1687 865 1761 albis;

220 1765 402 1842 lgrestisque
416 1785 515 1823 manus
530 1775 617 1824 armat
630 1783 743 1841 sparus:
765 1766 826 1841 ipse
840 1767 959 1826 catervis

221 1843 370 1901 Vertitur
362 1863 391 1902 ιιι
405 1844 584 1918 mediis,t
531 1852 614 1902 ιιιοι
584 1845 749 1902 otovertice
764 1841 848 1920 suprd
862 1851 913 1903 est

222 1921 308 1978 Hunc
322 1921 370 1979 illa
384 1931 546 2000 exceptum,
560 1941 658 2014 neque
667 1923 743 1979 enim
757 1922 836 1986 labor
850 1924 963 1998 agmine
976 1942 1068 1998 verso,

222 1999 349 2077 trajicit,
364 2008 392 2058 et
406 2019 490 2077 super
503 2000 587 2058 baec
579 1999 695 2058 mimico
708 2008 822 2078 pectore
835 2000 924 2059 latur:

179 2076 185 2088 ⁸
223 2078 308 2135 Silvis
322 2087 360 2156 te,
374 2079 532 2156 Ty,rrhene
547 2079 619 2137 seras
634 2079 738 2154 agitare
751 2079 876 2155 putistil

221 2156 347 2216 Advenit
360 2159 408 2235 qui
421 2165 515 2216 vestra
525 2122 589 2215 ’dies
602 2155 787 2214 muliebribus
801 2157 884 2216 armis
1060 2203 1062 2220 .

221 2235 318 2292 Verba
330 2237 508 2312 redarguerit.
548 2236 665 2294 Nomen
679 2243 773 2292 tamen
787 2234 865 2294 baud
879 2235 944 2294 levo
958 2243 1069 2314 patrum

221 2313 356 2373 Manibus
369 2315 424 2372 hoc
439 2315 552 2391 reseres,
566 2313 623 2372 telo
637 2312 774 2370 cecidisse
788 2313 928 2372 Camilla.

221 2393 359 2452 Protenus
374 2357 554 2452 Orsilocbuni
568 2399 598 2449 et
610 2392 715 2465 Buten,
730 2393 785 2448 duo
799 2393 924 2450 maxima
937 2393 1080 2452 Teucrim
1128 2399 1186 2452 690

222 2474 363 2562 Corpora:
386 2471 436 2528 sed
450 2472 545 2529 Buten
559 2489 689 2528 aversum
703 2469 822 2546 cuspide
835 2471 899 2529 fixit

222 2549 352 2608 Loricam
366 2549 530 2626 galeamque
544 2549 626 2624 inter,
640 2565 697 2623 qua
711 2547 783 2606 colla
796 2549 920 2608 sedentis

222 2631 341 2703 Lucent,
356 2639 384 2687 et
396 2628 469 2685 lavo
480 2627 622 2704 dependet
634 2645 732 2702 parma
745 2625 871 2692 lacerto

223 2707 413 2782 Orsilochum,
427 2706 538 2782 fugiens
551 2724 743 2796 magnumque
757 2705 870 2781 agitata·
873 2724 924 2782 per
938 2699 1045 2783 orbein,

223 2787 323 2844 Eludit
335 2806 402 2863 gyro
416 2785 540 2861 interior,
555 2783 739 2862 sequiturque
752 2794 930 2861 sequentem.

223 2866 297 2922 Tum
312 2866 434 2924 validam
448 2883 554 2942 perque
568 2883 647 2923 arma
658 2863 720 2922 viro
733 2882 840 2941 perque
855 2883 919 2923 ossa
932 2866 1063 2941 securim,

222 2944 314 3002 Altior
327 2959 492 3020 exsurgens,
506 2943 597 3002 oranti
611 2951 640 3001 et
653 2942 743 3001 multa
753 2944 882 3020 precanti

222 3023 430 3099 Congeminat:
451 3022 554 3081 vulnus
567 3023 659 3080 calido
673 3021 744 3098 rigat
756 3041 805 3079 ora
818 3023 942 3080 cerebro.

263 3103 366 3161 Incidit
378 3102 456 3176 huic,
471 3102 621 3179 subitoque
636 3101 771 3178 adspectu
784 3101 896 3163 territus
906 3101 998 3176 hesit,

223 3181 457 3271 lppenniuicolae
468 3181 588 3238 bellator
601 3179 679 3243 filius
690 3180 777 3254 Auni,

225 3258 311 3314 Haud
324 3258 459 3332 Ligurum
475 3267 626 3333 extremus,
642 3258 710 3314 dum
723 3223 820 3315 sallire
833 3257 890 3314 fata
903 3257 1040 3316 sinebant.

226 3335 321 3410 Isque,
335 3334 384 3392 ubi
398 3355 428 3392 se
442 3337 542 3392 nullo'
530 3355 589 3413 Jam
605 3353 688 3392 eursu
702 3335 822 3392 evadere
836 3355 938 3412 pugnae

224 3412 323 3484 Posse,
337 3431 431 3488 neque
444 3413 596 3471 instantem
610 3413 736 3487 reginam
751 3420 886 3486 avertere,
901 3415 1002 3490 cernit,

226 3490 352 3547 Consilio
366 3508 477 3548 versare
492 3491 571 3548 dolos
584 3491 727 3580 ingressus
741 3498 770 3547 et
783 3498 854 3564 astu,

227 3568 330 3643 incipit
342 3567 422 3626 baec:
446 3569 524 3639 Quid
537 3578 594 3628 tam
609 3567 763 3643 egregium,
778 3588 801 3625 ιι
793 3568 930 3626 'soemina
944 3571 1009 3629 lorti

226 3647 305 3704 Fidis
319 3647 413 3723 equo?
437 3647 547 3706 dimitte
560 3648 696 3722 fugam,e
680 3655 750 3704 ette
764 3647 922 3705 comminus
936 3669 1017 3727 aequo

227 3727 345 3784 Mecum
359 3725 443 3782 crede
457 3725 526 3800 solo,
540 3744 701 3818 pugnaeque
713 3727 830 3800 'accinge
844 3728 984 3802 pedestri:

227 3806 243 3861 J
246 3825 291 3862 arn
305 3823 405 3862 nosces
418 3810 536 3862 ventosa
548 3803 618 3862 ferat
631 3823 676 3861 cur
669 3803 779 3879 gloria
790 3804 927 3862 fraudem

228 3883 326 3941 Dixit.
348 3891 376 3941 at
388 3881 436 3939 illa
448 3882 555 3973 furens,
567 3882 680 3956 acrique
694 3901 813 3939 accensa
826 3883 932 3976 dolqre,

229 3960 329 4019 Tradit
342 3981 446 4038 equum
460 3961 566 4034 comiti,
578 3960 754 4054 paribusque
765 3960 889 4018 resistit
882 3982 910 4018 ru
925 3962 1035 4044 armis„

230 4021 308 4094 birse
322 4041 408 4114 pedes
422 4039 507 4113 nudo,
522 4055 647 4115 puraque
661 4037 785 4093 interrita
798 4040 903 4112 parmai.
947 4079 953 4092 .
