2712 4488
187 549 242 606 w
589 549 769 608 mumma

188 701 355 777 Assuesoat,
369 699 470 794 primis
481 708 513 760 et
526 707 554 760 te
568 700 685 759 miretur
698 699 733 758 ab
748 699 837 758 annis.

188 779 315 838 Arcadas
329 779 397 838 bure
412 779 524 857 equites
536 779 581 838 bis
594 786 720 854 eentum,
734 777 834 836 robora
846 776 931 858 pubis

189 859 288 934 Lenta,
304 858 396 932 dabo;
418 859 592 935 totidemque
606 876 657 916 suo
671 857 723 916 tibi
735 856 852 916 nomine
865 855 969 916 Pallas.

227 936 287 994 Vix
302 956 339 995 ea
350 936 423 998 fetus
438 945 506 1012 erat,
521 935 665 1012 defixique
679 955 728 994 ora
739 935 877 994 tenebant
1102 939 1160 995 52⁰

189 1013 296 1074 AEneas
310 1015 501 1074 Anchisiades
516 1022 545 1072 et
557 1015 632 1072 fidus
645 1015 781 1090 Achates,

189 1092 339 1172 Multaque
353 1095 423 1152 dura
436 1111 488 1152 suo
502 1092 573 1152 tristi
587 1112 653 1152 cum
667 1093 752 1152 eorde
765 1092 922 1171 putabant3

114 1193 116 1198 ·
188 1171 230 1230 Ni
243 1172 357 1249 signum
370 1173 443 1231 coelo
457 1172 602 1248 Cytherea
614 1172 740 1230 dedisset
753 1180 859 1250 aperto.

188 1250 219 1310 N
220 1270 322 1327 amque
335 1247 491 1327 improvisi)
504 1250 630 1309 vibratus
644 1249 679 1308 ab
693 1249 800 1310 aethere
813 1249 907 1327 fulgor

188 1329 263 1387 Cum
278 1329 372 1388 sonitu
385 1329 473 1405 venit,
488 1337 518 1387 et
530 1347 611 1388 ruere
625 1330 722 1388 omnia
734 1329 796 1388 visa
808 1349 838 1388 re
876 1325 936 1404 nte,
1100 1333 1158 1388 525

188 1407 410 1486 Tyrrhenusque
423 1406 500 1467 tubae
514 1409 625 1484 mugire
638 1427 689 1486 per
703 1407 809 1468 aethera
822 1427 838 1466 o
850 1427 944 1483 angor.

190 1485 371 1563 Suspiciunt:
392 1487 495 1546 iterum
509 1495 594 1564 atque
607 1487 710 1546 iterum
722 1487 815 1564 fragor
827 1487 955 1565 increpat
966 1486 1077 1564 ingens.

187 1567 277 1623 Arma
289 1565 363 1624 inter
375 1565 491 1641 nubem,
506 1565 572 1626 eseli
584 1566 613 1624 in
628 1566 743 1642 regione
757 1566 867 1642 sereni,

188 1643 245 1702 Per
258 1645 360 1702 sudum
374 1644 487 1704 mtilere
500 1646 608 1721 vident,
623 1653 653 1704 et
665 1645 747 1722 pulsa
760 1653 866 1705 tonere.
1231 1716 1234 1722 Ι

189 1721 370 1801 Obstupuere
385 1723 487 1784 animis
502 1723 568 1798 alii3
590 1725 640 1783 sed
654 1723 760 1782 Troius
773 1723 858 1782 heros
889 1721 893 1727 ’
1099 1729 1157 1784 500

188 1802 314 1877 Agnovit
327 1803 460 1878 sonitum,
475 1809 505 1861 et
518 1803 591 1862 divae
605 1803 744 1880 promissa
756 1801 890 1879 parentis.

189 1881 265 1938 Tum
279 1889 434 1941 memorat:
455 1881 503 1940 Ne
517 1879 595 1956 verb,
609 1881 723 1958 hospes,
737 1899 774 1938 ne
787 1899 883 1957 quere
896 1879 1023 1956 protecte

190 1959 285 2031 Quem
301 1979 398 2019 oasam
411 1967 541 2038 portenta
554 1959 662 2018 ferant:
685 1979 738 2036 ego
750 1979 854 2037 poscor
867 1958 1000 2038 Olympo.

188 2038 254 2098 Hoc
268 2039 381 2116 signum
395 2039 501 2098 cecinit
513 2039 661 2115 missurum
675 2039 741 2098 diva
754 2037 884 2114 creatrix,

189 2118 221 2176 Si
234 2116 342 2177 bellum
356 2120 507 2196 ingrueret,
521 2117 721 2199 Vulcaniaque
736 2137 813 2177 arms
825 2136 877 2196 per
890 2135 971 2176 auras
1100 2121 1157 2177 505

188 2197 323 2256 Latumm
337 2197 452 2256 auxilio.
611 2254 615 2262 .

188 2275 275 2334 Heu!
298 2285 410 2353 quantae
425 2277 536 2334 miseris
550 2277 645 2338 eaedes
658 2277 847 2336 Laurentibus
860 2277 981 2336 instent!

190 2353 269 2425 Ques
282 2373 381 2432 poenas
395 2355 475 2429 mihi,
490 2355 597 2430 Turne,
612 2354 711 2412 dabis!
734 2352 820 2431 quim
834 2356 922 2414 multa
935 2355 989 2414 sub
1002 2353 1092 2414 undas

189 2433 277 2490 Scuta
288 2432 381 2491 viriam
395 2433 547 2508 galeasque
561 2441 590 2490 et
602 2432 685 2490 sortia
698 2452 816 2509 corpora
826 2434 935 2508 volves,

188 2508 278 2586 Tybri
290 2513 387 2587 pater!
410 2511 533 2568 Poscant
547 2511 632 2584 acies,
648 2518 677 2569 et
689 2510 796 2568 soedera
808 2520 948 2590 rumpant.
1099 2517 1156 2572 540
1226 2551 1227 2561 1

227 2588 300 2647 Haee
313 2589 363 2646 ubi
376 2589 453 2646 dieta
466 2589 553 2662 dedit,
568 2587 639 2646 solio
653 2607 683 2646 se
697 2589 771 2647 tollit
785 2589 820 2647 sb
834 2590 910 2664 alto;

188 2667 229 2725 Et
240 2663 364 2744 primirm
380 2666 532 2725 Herculeis
545 2667 652 2744 sopitas
665 2667 778 2743 ignibus
793 2687 853 2727 ares

188 2746 322 2819 Excitat3
343 2745 565 2823 hesternumque
580 2747 694 2824 Larem,
707 2766 867 2824 parvosque
880 2747 1015 2824 Penates,
1117 2789 1122 2796 -

187 2825 284 2884 Laetus
298 2825 374 2883 edit:
396 2832 521 2884 mactant
533 2825 620 2884 lectas
635 2826 671 2884 de
684 2845 762 2884 more
775 2826 915 2904 bidentes,

135 2909 137 2914 ’
188 2904 339 2982 Evandrus
351 2905 465 2983 puriter,
478 2906 584 2984 pariter
596 2906 722 2986 Trojane
730 2907 877 2985 juventus.

187 2981 258 3043 Pdst
271 2984 339 3042 hino
353 2985 388 3042 ad
402 3004 490 3044 neves
504 2986 636 3064 graditur,
651 2987 800 3062 sociosque
814 2986 930 3055 revisit:

190 3064 318 3136 Quorum
333 3063 369 3121 de
382 3083 512 3141 numero,
527 3065 576 3142 qui
590 3084 653 3124 sese
667 3066 696 3124 in
710 3065 786 3124 bella
799 3060 962 3144 sequantur,

188 3143 358 3201 Praestantes
372 3143 474 3203 virtute
487 3143 574 3222 legit3
595 3165 659 3222 pars
673 3153 777 3203 caetera
789 3146 878 3222 prone

188 3221 291 3281 Fertur
304 3222 386 3298 aqui,
401 3223 551 3301 segnisque
566 3225 692 3282 seeundo
706 3223 805 3282 defluit
818 3223 906 3298 amni,

187 3299 298 3358 Nuntia
309 3301 430 3360 ventura
442 3302 568 3360 Ascanio
581 3321 731 3378 rerumque
743 3303 896 3379 patrisque.

188 3379 299 3436 Dantur
313 3379 379 3455 equi
392 3379 512 3436 Teucria
526 3378 675 3454 Tyrrhena
687 3379 849 3455 petentibus
863 3395 947 3457 eruas

188 3458 308 3516 Ducunt
321 3464 461 3515 exsortem
476 3457 587 3532 AEneae,
602 3477 687 3534 quem
701 3456 781 3514 fulva
793 3457 883 3516 leonis

187 3535 276 3594 Pellis
290 3537 350 3594 obit
362 3543 462 3610 totum,
476 3535 648 3612 prefulgens
661 3535 919 3613 unguibusaureis.

227 3615 319 3683 Fama
331 3614 416 3690 volat,
430 3634 546 3692 parvam
560 3612 653 3674 subite
667 3615 780 3691 vulgata
793 3635 844 3693 per
857 3615 965 3691 urbem,

190 3691 280 3754 Oeiirs
293 3695 334 3752 ire
349 3693 458 3770 equites
472 3693 614 3768 Tyrrheni
628 3695 662 3752 ad
676 3694 775 3752 limina
788 3693 870 3770 regis.

189 3774 266 3832 Vota
278 3783 356 3832 metu
369 3771 514 3852 duplicant
527 3781 639 3849 matres,
652 3769 825 3851 propiusque
838 3773 946 3851 periclo

190 3853 217 3909 Ι1
230 3853 322 3929 timor,
337 3860 367 3911 et
380 3853 469 3931 major
482 3851 584 3912 Martis
594 3854 655 3930 jam
670 3861 787 3929 apparet
799 3853 901 3930 imego.

190 3931 265 3987 Tum
278 3939 359 4008 peter
372 3932 534 4004 Evandrus
547 3930 675 3988 dextram
689 3931 855 4007 complexus
869 3931 973 4006 euntis,

189 4007 297 4084 Heret,
312 4007 490 4088 inexpletum
503 4009 670 4084 lacrymans,
685 4028 718 4066 ae
730 4009 797 4067 talis
810 4009 900 4068 fatur:

190 4085 216 4144 Ο
230 4085 302 4144 mibi
314 4090 473 4172 praeteritos
485 4088 586 4147 referat
598 4087 623 4146 si
634 4087 745 4163 Jupiter
758 4107 846 4146 annos
858 4090 865 4143 1
