3128 4456
679 347 792 402 LIBER
811 349 861 404 111.

274 496 400 556 Desinit
412 505 477 556 ente
491 496 601 571 decem,
614 505 679 574 post
692 506 812 574 quotuor
823 491 934 577 in'cipit,
949 519 1056 564 annos:

275 577 396 634 Caetere
410 594 464 633 nec
477 575 585 634 ireturae
599 575 712 652 babilis,
726 595 780 636 nec
793 577 872 636 fortis
886 579 991 638 eretris.

275 654 407 732 Interea,
422 661 536 731 superet
547 654 679 730 gregibus
693 657 761 714 dum
774 655 839 715 lrets
846 659 990 736 juventas,

277 733 371 792 Solve
385 751 495 807 meres;
516 733 596 792 mitte
610 735 640 791 in
653 733 799 793 Venerem
813 736 946 812 pecuaria
958 738 1076 815 primus,

276 813 379 888 Atque
393 813 477 870 sliern
491 831 528 870 ex
541 812 596 870 elisi
609 814 772 888 generando
786 814 884 872 suffice
896 815 1016 892 prolem.

278 890 401 967 Optime
414 909 533 968 quaeque
546 891 608 948 dies
622 891 732 950 miseris
746 892 911 952 mortalibus
925 895 980 954 resi

276 969 382 1040 Prima
393 969 481 1047 sugit:
502 969 626 1037 subeunt
638 971 739 1045 morbi,
752 971 896 1047 tristisque
908 982 1050 1052 senectus,

279 1049 325 1108 Fet
337 1047 425 1125 labor,
440 1058 469 1108 et
481 1049 559 1107 dure
574 1050 647 1126 repit
658 1049 842 1108 inclementis
855 1053 961 1116 mortis.

280 1127 406 1205 Semper
419 1137 502 1186 erunt
514 1147 633 1206 querum
646 1129 747 1188 muteri
755 1147 878 1208 ¹corporo
891 1131 987 1206 melis;

280 1207 404 1284 Semper
417 1208 494 1266 enim
507 1207 610 1266 refice:
632 1226 674 1282 ec,
689 1227 727 1265 ne
734 1205 804 1286 ¹pdst
817 1209 921 1268 emisse
933 1211 1067 1288 requires,

279 1287 437 1362 Antoreni,
452 1294 482 1345 et
494 1286 621 1344 sobolem
634 1295 761 1346 armento
772 1288 870 1346 sortire
881 1290 1041 1364 quotannis.

321 1365 387 1423 Nec
400 1383 458 1422 non
472 1371 501 1422 et
513 1364 611 1440 pecori
624 1371 667 1422 est
676 1365 753 1422 idem
767 1365 896 1424 delectus
909 1369 1022 1443 equino.

280 1443 330 1502 Tu
344 1440 439 1519 modi,
454 1461 525 1519 quos
539 1442 568 1498 in
582 1459 664 1518 spem
679 1451 784 1502 statues
798 1443 963 1504 submittere
976 1447 1079 1521 gentis,

279 1523 463 1598 Praecipuum
472 1521 614 1600 jominde
625 1539 642 1577 e
654 1521 758 1579 teneris
772 1521 906 1599 impende
919 1523 1054 1582 laborem.

281 1599 429 1660 Continuis
441 1599 553 1678 peeoris
567 1601 698 1676 generosi
711 1599 806 1676 pullus
819 1601 849 1662 in
863 1602 937 1660 ervis

280 1677 378 1740 Altids
390 1679 556 1756 ingreditur,
570 1685 599 1738 et
612 1677 709 1736 mollis
722 1699 803 1738 crure
816 1683 946 1757 reponit:

281 1759 438 1818 Primuset
450 1759 491 1816 irc
503 1758 579 1816 mem
593 1766 622 1816 et
634 1757 735 1816 duvios
749 1767 858 1818 tenterc
871 1760 997 1820 minaces

281 1839 388 1915 Audet,
403 1845 433 1896 et
441 1838 540 1914 ignoto
552 1855 615 1895 sese
629 1838 809 1896 committere
821 1840 902 1914 ponti
914 1860 921 1896 ε

282 1918 349 1978 Nec
361 1937 450 1976 venos
463 1918 559 1975 horret
571 1917 713 1994 strepitus.
756 1917 802 1974 Illi
816 1918 903 1976 erdue
915 1919 1023 1995 cervix,

281 1999 478 2075 Argutumque
492 2002 587 2075 ceput,
600 1994 695 2054 brevis
709 1996 797 2071 alvus,
812 1995 955 2074 obesaque
969 2005 1065 2074 tergs3

281 2078 476 2154 Luxuriatque
489 2075 557 2134 toris
570 2075 729 2134 animosum
742 2083 850 2152 pectus.
880 2076 1003 2136 Honesti

283 2157 432 2235 Spedices,
447 2154 611 2232 gleucique3
633 2155 710 2212 color
724 2154 890 2213 deterrimus
904 2155 985 2232 albis,

282 2235 324 2296 Et
336 2235 421 2313 gilvo.
462 2235 548 2310 Tum,
562 2233 586 2291 si
600 2253 655 2310 que
669 2252 768 2292 sonum
782 2233 881 2311 procul
895 2252 972 2294 arms
985 2233 1101 2312 dedere,

284 2315 364 2375 Stare
374 2313 441 2379 ,lo'co
454 2313 554 2389 nescit,
568 2313 654 2372 micet
669 2312 793 2388 auribus,
807 2321 836 2371 et
848 2313 944 2372 tremit
956 2321 1041 2390 estus,

283 2394 498 2470 collectumque
511 2411 646 2469 premens
659 2392 749 2451 volvit
761 2393 814 2450 sub
827 2393 944 2452 neribus
957 2393 1062 2470 ignem.

283 2474 383 2532 Denso
397 2473 470 2547 ube,
485 2480 514 2529 et
528 2473 628 2530 dextro
635 2475 741 2551 jectets
754 2470 893 2530 recumbit
905 2472 936 2530 in
950 2491 1036 2530 sumo.

282 2554 322 2611 m
335 2553 394 2630 dup
406 2573 443 2611 ex
457 2551 547 2627 egitur
558 2570 610 2628 per
623 2549 736 2608 lumbos
749 2550 849 2628 spine:
871 2557 1009 2629 essetque

284 2630 441 2705 Tellurem,
456 2639 485 2688 et
498 2630 589 2688 solido
603 2629 724 2705 graviter
734 2638 815 2688 sonet
828 2629 934 2705 ungule
947 2649 1045 2689 cornu.

276 2708 363 2768 Telis
376 2709 517 2786 Amyclrei
527 2709 651 2766 domitus
665 2707 793 2766 Pollucis
806 2708 928 2766 hebenis

284 2786 423 2863 Cyllarus,
438 2795 476 2863 et,
491 2805 609 2864 quorum
625 2786 705 2844 Graii
718 2783 874 2844 meminere
887 2789 990 2862 poete,
1207 2790 1245 2844 90

283 2865 386 2925 Martis
400 2865 466 2942 equi
478 2865 599 2942 bijuges,
614 2872 644 2921 et
657 2863 752 2938 magni
765 2875 863 2920 currus
877 2863 1001 2921 Achilli:

284 2945 364 3003 Telis
378 2952 407 3004 et
418 2945 481 3021 ipse
487 2941 587 3020 jubsm
601 2943 711 3002 cervice
725 2940 826 2999 effudit
838 2939 943 3017 equini

285 3025 423 3103 Oonjugis
436 3023 558 3080 adventu
571 3021 673 3097 pernix
686 3021 831 3095 Saturnus,
847 3026 875 3079 et
888 3019 975 3078 ultum

284 3103 386 3162 Pelion
400 3101 512 3160 hinnitu
525 3098 637 3175 fugiens
650 3098 779 3176 implevit
792 3106 883 3157 scuto.

285 3181 372 3240 Hune
382 3179 503 3258 qumque,
514 3178 562 3236 ubi
576 3185 623 3237 sut
632 3177 729 3237 morbo
740 3177 841 3253 grevia,
853 3184 901 3236 sut
909 3179 970 3256 jem
980 3176 1092 3254 segnior
1102 3177 1193 3253 suuis,
1207 3182 1244 3238 95

285 3259 401 3335 Deficit,
416 3260 487 3317 obde
501 3259 603 3330 dom03
623 3276 677 3315 nec
690 3256 764 3333 turpi
778 3256 893 3330 ignosce
907 3265 1037 3316 senectre.

285 3323 417 3413 Frigidus
430 3338 460 3395 in
473 3334 617 3395 Venerem
631 3336 733 3410 senior,
746 3334 901 3416 frustraque
914 3335 1039 3394 laborem
1054 3359 1056 3362 ·

287 3416 430 3492 Ingratum
443 3415 542 3488 trehit;
564 3421 601 3489 et,
615 3415 640 3471 si
653 3414 764 3490 quando
777 3413 813 3470 ed
826 3413 925 3489 proelio
937 3423 1054 3473 ventum
1068 3423 1119 3490 est,

287 3493 328 3556 Ut
337 3495 478 3570 quondam
490 3493 520 3550 in
534 3491 644 3568 stipulis
657 3510 775 3568 magnus
788 3491 849 3550 sine
862 3491 968 3551 viribus
981 3492 1063 3569 ignis,

286 3572 433 3631 Incassum
446 3571 520 3629 furit
561 3570 638 3644 Ergo
652 3569 761 3628 animos
774 3588 923 3646 aevumque
936 3570 1046 3629 notabis
1189 3575 1243 3630 100

286 3647 450 3727 Precipud3
470 3649 538 3708 hinc
552 3648 715 3725 dissertes,
729 3647 893 3726 prolemque
905 3656 1061 3725 parentum,

286 3731 327 3789 Et
339 3729 401 3807 quis
415 3729 516 3806 cuique
530 3727 608 3785 dolor
620 3727 704 3802 vieto,
719 3745 781 3802 qme
795 3726 883 3802 glorie
894 3727 1004 3802 palme.
1020 3791 1023 3798 ¹

286 3809 392 3870 Nonne
404 3808 494 3882 vides,
508 3825 594 3884 quum
607 3805 745 3882 precipiti
757 3804 910 3864 certumine
923 3822 1054 3882 campum

287 3885 464 3968 Corripuere,
478 3891 618 3962 ruuntque
631 3882 714 3942 effusi
727 3900 963 3956 esrcereeunus3
