2712 4488
546 543 662 598 LIBER
680 544 714 598 X.

134 690 233 763 Quem
247 700 342 751 umen
355 690 433 763 haud
446 710 547 769 expers
561 691 682 751 Valerus
695 692 806 752 virtutis
820 695 902 754 svitae

108 778 120 802 l
132 771 258 849 Dejicit3
280 780 309 829 at
321 766 480 828 Thronium
496 771 601 846 Salius,
614 771 777 847 Saliumque
790 774 925 850 Nealces,

133 849 259 925 Insignis
269 847 366 927 jaculo
380 856 409 906 et
420 846 505 926 longe
519 849 633 907 fallente
648 851 756 926 sagitte.

169 928 236 985 Jam
250 928 342 1004 gravis
356 928 487 1005 aequabet
499 927 591 986 luctus
605 936 634 986 et
646 937 744 987 mutua
757 929 873 988 Mavors

131 1005 265 1080 Funera;
287 1004 434 1064 cedebant
445 1006 549 1083 pariter
560 1007 720 1084 pariterque
733 1008 852 1068 ruebant

132 1084 266 1144 Victores
279 1085 414 1163 victique,
427 1103 520 1163 neque
534 1084 579 1143 his
592 1085 658 1162 iuga
670 1095 738 1144 nota
750 1105 844 1165 neque
857 1089 922 1148 illis.
968 1131 971 1138 ·

131 1161 172 1219 Di
186 1164 267 1222 Jovis
280 1165 309 1221 in
323 1164 406 1222 tectis
419 1163 489 1221 iram
502 1163 669 1226 miserantur
681 1165 795 1224 inanem

130 1241 301 1318 Amborum,
315 1251 344 1301 et
357 1250 448 1302 tantos
462 1243 626 1302 mortalibus
640 1261 702 1300 esse
714 1244 832 1303 labores.

131 1320 212 1378 Hinc
226 1321 336 1396 Venus,
351 1322 418 1380 hinc
432 1318 529 1380 contrb
543 1328 651 1398 spectat
664 1321 794 1382 Saturnia
806 1324 890 1383 Juno.

130 1399 245 1458 Pallida
257 1400 417 1477 Tisiphone
426 1401 526 1458 ‘media
538 1400 612 1458 inter
624 1400 712 1458 millia
725 1404 813 1460 saevit.

130 1480 171 1536 At
185 1475 255 1537 verb
269 1480 413 1555 ingentem
428 1479 556 1556 quatiens
569 1479 731 1536 Mezentius
745 1481 854 1539 hastam

130 1557 278 1614 Turbidus
292 1557 448 1633 ingreditur
461 1575 570 1632 campo.
613 1554 710 1627 Quam
723 1578 842 1634 magnus
857 1558 955 1634 Orion,

131 1636 233 1708 Quum
246 1637 335 1712 pedes
349 1637 456 1694 incedit
469 1635 556 1692 medii
568 1653 620 1712 per
632 1636 756 1694 maxima
768 1637 858 1696 Nerei

131 1715 251 1790 Stagna,
264 1714 339 1771 viam
354 1715 496 1789 scindens,
510 1714 628 1771 humero
641 1716 833 1791 supereminet
844 1715 951 1788 undas3

128 1795 192 1872 Aut
206 1793 324 1850 summis
338 1794 461 1854 referens
475 1811 610 1850 annosam
620 1793 764 1852 montibus
778 1813 887 1869 ornum,

129 1869 352 1949 Ingrediturque
366 1872 435 1948 solo,
451 1880 480 1930 et
492 1881 578 1948 caput
590 1873 663 1931 inter
675 1873 773 1931 nubila
785 1874 897 1933 condit:

129 1952 215 2010 Talis
229 1969 260 2008 se
273 1951 360 2008 vastis
373 1951 458 2009 infert
470 1951 633 2020 Mezenv‘us
648 1953 740 2010 armis.

129 2031 212 2088 Huic
224 2026 320 2087 contrd
335 2030 453 2104 AEneas,
467 2031 627 2106 speculatus
640 2029 669 2087 in
685 2031 796 2105 agmine
809 2031 904 2106 longo,

121 2109 244 2172 Obvius
258 2109 299 2166 ire
311 2117 398 2185 parat.
434 2110 541 2176 ¹Manet
553 2109 755 2186 imperterritus
768 2108 826 2184 ille,

129 2189 256 2246 Hostem
270 2187 480 2263 magnanimum
494 2188 651 2264 opperiens,
666 2196 695 2246 et
708 2188 782 2245 mole
796 2187 847 2246 sud
860 2195 929 2262 stat3

67 2311 70 2316 ,
129 2270 235 2344 Atque
244 2266 333 2324 oculis
346 2266 467 2343 spatium
483 2285 614 2324 emensus
628 2274 762 2344 quantum
777 2267 843 2325 satis
856 2265 961 2326 haste:

128 2348 246 2404 Dextra
258 2344 329 2402 mihi
343 2346 422 2421 deus,
438 2354 466 2403 et
479 2344 578 2421 telum,
593 2346 667 2422 quod
681 2346 789 2417 missile
800 2345 883 2422 libro,

129 2425 222 2485 Nunc
236 2424 335 2482 adsint.
377 2424 479 2482 Voveo
491 2425 633 2501 praedonis
647 2443 765 2502 corpore
779 2424 866 2502 raptis
975 2469 977 2472 -

130 2504 271 2562 Indutum
285 2502 382 2579 spoliis
395 2503 487 2580 ipsum
499 2512 536 2578 te,
551 2505 655 2577 Lause,
669 2511 807 2580 tropeum

128 2583 247 2640 AEneae.
288 2581 380 2654 Dixit,
395 2583 616 2658 stridentemque
630 2582 742 2640 eminus
756 2581 866 2640 hastam

129 2660 247 2738 Injicit:
267 2659 317 2716 illa
328 2659 427 2717 volans
441 2657 541 2736 clypeo
556 2669 598 2718 est
612 2679 740 2735 excussa,
753 2660 910 2736 proculque

128 2738 290 2814 Egregium
304 2738 442 2795 Antorem
453 2739 525 2796 latus
539 2739 611 2797 iu-ter
625 2747 653 2796 et
666 2739 714 2796 ilia
727 2739 796 2814 flgn't,
827 2795 830 2801 .

129 2815 268 2876 Herculis
281 2817 418 2873 Antorem
432 2817 575 2890 comitem,
590 2817 638 2892 qui
651 2817 753 2874 missus
769 2817 803 2874 ab
816 2816 901 2890 Argis

130 2897 267 2954 Haeserat
279 2893 424 2968 Evandro,
439 2903 522 2968 atque
538 2894 609 2951 itala
622 2895 788 2956 consederat
800 2892 878 2951 urbe.

132 2973 274 3034 Sternitur
287 2971 387 3030 infelix
400 2972 492 3029 alieno
506 2972 632 3047 vulnere,
647 2971 806 3048 coelumque

130 3051 273 3130 Adspicit,
289 3059 318 3109 et
331 3051 427 3109 dulces
441 3051 564 3108 moriens
578 3050 767 3109 reminiscitur
779 3051 878 3124 Argos.
909 3102 917 3120 ,

131 3133 210 3190 Tum
224 3132 288 3208 pius
302 3130 411 3188 AEneas
424 3130 532 3188 hastam
543 3130 631 3208 jacit:
653 3128 702 3186 illa
713 3147 765 3206 per
778 3127 874 3185 orbem

130 3211 205 3268 AErc
219 3229 319 3268 cavum
333 3209 445 3286 triplici,
459 3227 510 3285 per
523 3208 599 3266 linea
611 3218 698 3282 terga,
712 3207 855 3284 tribusque

131 3290 260 3347 Transiit
272 3290 411 3347 intextum
426 3287 512 3346 tauris
526 3307 608 3364 opus,
622 3288 736 3362 imaque
749 3287 823 3344 sedit

133 3369 274 3443 Inguine3
296 3368 346 3426 sed
359 3369 433 3426 vires
446 3367 523 3424 haud
535 3366 657 3443 pertulit
696 3361 787 3424 Ociirs
801 3383 899 3423 ensem

134 3446 252 3522 AEucas,
266 3447 327 3504 viso
341 3446 482 3523 Tyrrheni
496 3446 643 3522 sanguine,
658 3445 750 3519 laetus,

134 3525 230 3601 Eripit
243 3545 260 3582 a
272 3525 387 3601 femine,
402 3534 430 3583 et
444 3525 593 3601 trepidanti
606 3524 729 3583 fervidus
743 3523 836 3581 instat.
872 3569 874 3572 .

136 3603 281 3678 ingemuit
293 3603 351 3660 cari
364 3604 484 3679 graviter
497 3603 630 3678 genitoris
641 3621 746 3676 amore,

136 3683 178 3742 Ut
190 3682 270 3755 vidit,
284 3682 404 3757 Lausus,
418 3682 604 3757 lacrymaeque
618 3701 669 3758 per
682 3700 730 3738 ora
742 3679 856 3738 volutae.

137 3759 196 3818 Hic
209 3760 305 3817 mortis
320 3761 395 3817 durae
410 3779 516 3833 casum,
530 3767 632 3835 tuaque
647 3761 753 3835 optima
767 3758 850 3832 sacta,

138 3841 170 3898 si
184 3859 238 3916 qua
251 3839 338 3896 fidem
352 3845 430 3896 tanto
444 3847 487 3896 cst
500 3839 577 3913 operi
590 3839 680 3896 latura
693 3837 827 3910 ¹uetustas,
864 3881 866 3886 .

137 3919 206 3978 Non
221 3917 363 3994 equidem,
378 3935 432 3973 nec
445 3925 483 3990 te,
493 3916 607 3994 juvenis
621 3913 811 3989 memorande,
826 3914 922 3973 silebo.

139 3998 192 4056 Ille
205 3998 310 4074 pedem
323 3995 456 4068 referens,
472 4004 501 4052 et
513 3995 629 4067 inutilis,
644 3995 730 4070 inque
743 3995 856 4068 ligatus,

139 4076 276 4150 Cedebat,
292 4074 450 4152 clypeoque
463 4073 609 4130 inimicum
623 4073 725 4130 hastile
739 4071 875 4131 trahebat.
