2540 4320
538 398 651 456 urana
670 401 733 458 ΧΠ.
1049 369 1117 464 ‘aas

135 548 237 610 Nulla
250 550 327 610 viam
340 547 452 608 fortuna
464 550 545 626 regit,
559 549 630 608 nihil
645 562 742 612 auctor
754 555 858 632 Apollo
1060 564 1117 618 405
1224 607 1229 620 .

137 627 304 688 Subvenit:
322 637 356 696 ,et
368 647 462 687 sevus
476 630 584 706 campis
594 627 685 706 magis
699 651 732 690 ac
746 630 836 710 magis
849 635 947 698 horror

138 706 322 783 crebrescit,
335 704 509 785 propiusque
523 703 628 766 malum
642 718 694 768 est.
734 711 798 770 Jam
811 713 929 790 pulvere
943 714 1046 774 coelum

139 785 229 844 Stare
243 786 360 858 vident3
382 786 506 845 subeunt
519 787 639 863 equites,
655 797 684 847 et
697 789 807 865 spicula
818 793 917 851 castris
973 805 975 808 ’

138 864 248 924 Densa
260 866 364 924 cadunt
377 864 495 922 mediis:
516 866 539 923 it
551 866 636 925 tristis
650 868 690 939 ad¹
699 866 805 926 aethera
817 870 925 930 clamor

139 943 312 1002 Bellautdm
323 946 471 1022 juvenum,
486 952 515 1002 et
528 945 597 1002 duro
611 945 663 1022 'suh
678 947 772 1020 Marte
786 949 945 1008 cadentum.
1059 955 1116 1009 410

183 1021 246 1080 Hic
260 1022 369 1097 Venus,
384 1023 500 1098 indigno
514 1023 574 1081 nati
588 1042 726 1083 concussa
739 1025 864 1104 dolore,·
947 1041 949 1045 ’

140 1099 333 1160 Dictamnum
347 1102 476 1178 genetrix
489 1101 601 1160 Cretas
614 1104 703 1180 carpit
717 1103 752 1161 ab
766 1105 828 1180 lde,
857 1120 877 1172 ’;
939 1120 950 1134 “
971 1127 991 1161 ·,

140 1177 311 1264 Pube'rihps
325 1181 437 1239 caulem
451 1180 569 1238 soliiset
581 1180 825 1241 flore'comautem

140 1259 314 1337 Purpureo:
335 1278 393 1318 uon
406 1258 457 1316 illa
468 1258 535 1316 feris
547 1259 692 1335 incognita
705 1261 796 1337 capris

142 1339 294 1413 Gramina,
306 1357 396 1414 quum
410 1347 488 1412 tergo
501 1336 631 1396 volucres
644 1337 755 1396 haesere
769 1341 887 1416 sagitta.
1059 1349 1115 1404 415

142 1417 215 1476 Hoc
229 1416 340 1491 Venus,
354 1417 474 1475 obscuro
488 1414 589 1474 faciem
603 1417 777 1476 circumdata
790 1419 896 1496 nimbo,

142 1495 275 1555 Detulit:
296 1495 351 1570 hoc
366 1494 462 1552 fusum
477 1493 561 1553 labris
575 1495 791 1571 splendentibus
806 1513 921 1556 amnem
944 1513 960 1536 ³
1080 1530 1086 1544 ι

143 1575 254 1649 Inficit,
268 1569 378 1632 occulte
392 1572 556 1646 medicans;
577 1575 738 1652 spargitque
752 1575 871 1634 salubris
911 1615 916 1630 2
1061 1581 1068 1594 '

142 1643 306 1713 Ambrosias
320 1670 430 1728 succos,
444 1652 653 1729 etodorileram
667 1673 831 1731 panaceam.
842 1679 879 1734 „g

143 1732 234 1793 Fovit
247 1732 282 1790 ed
294 1731 397 1791 vulnus
410 1732 527 1808 lympht
540 1731 686 1809 longaevus
701 1732 786 1810 lapis,
1061 1732 1118 1786 420

145 1813 303 1888 Ignoraus5
325 1809 474 1888 subitdque
488 1812 581 1870 omnis
596 1813 632 1870 de
645 1831 762 1889 corpore
775 1812 847 1890 sugit

146 1891 265 1968 Quippe
278 1890 371 1964 dolor3
392 1890 484 1948 omnis
498 1890 574 1949 stetit
586 1890 644 1949 imo
658 1891 776 1950 vulnere
790 1892 921 1967 sanguis:

143 1970 267 2046 Jamque
281 1977 378 2028 secuta
389 1987 514 2045 manum,
528 1969 607 2028 nullo
621 1977 750 2046 cogente,
765 1970 866 2046 sagitta

146 2049 278 2124 Excidit,
292 2057 375 2126 atque
388 2067 471 2106 nove
484 2045 595 2106 rediere
608 2049 638 2106 in
646 2049 769 2127 *pristina
780 2050 863 2108 vires.

144 2130 237 2187 Arma
249 2127 297 2187 citi
310 2135 457 2206 properate
469 2128 530 2186 viro
543 2147 550 2185 ε
572 2127 640 2206 quid
654 2128 755 2187 statis?
778 2127 855 2206 Iapis
1061 2143 1119 2196 425

146 2207 335 2281 Conclamat,
355 2207 520 2285 primusque
534 2206 643 2266 animos
657 2207 786 2266 accendit
798 2208 829 2265 in
842 2208 963 2267 hostem.

146 2286 181 2346 N
182 2305 218 2344 on
231 2286 295 2344 hec
307 2286 440 2346 humanis
453 2286 563 2364 opibus,
576 2306 635 2345 uon
649 2294 707 2346 aste
721 2287 863 2364 magistri,

145 2365 333 2442 Proveniant,
346 2384 442 2442 neque
455 2374 494 2441 te,
506 2366 612 2442 AEnea,
625 2385 691 2438 mea
703 2367 821 2426 dextera
833 2375 928 2426 servat
940 2386 946 2424 :

149 2445 246 2506 Ma'or
258 2445 316 2521 agit
329 2446 408 2521 deus,
422 2451 507 2522 atque
519 2464 606 2523 opera
619 2447 654 2504 ad
668 2447 776 2524 majora
788 2446 912 2506 remittit

189 2466 251 2599 the,
265 2523 363 2582 avidus
376 2543 489 2603 pugnae,
503 2543 580 2583 suras
598 2525 751 2584 incluserat
765 2544 832 2584 auro
1057 2529 1114 2584 430

149 2601 228 2661 Hinc
243 2609 326 2680 atque
338 2602 424 2675 hinc;
446 2603 562 2678 oditque
576 2621 678 2676 moras,
692 2602 859 2680 hastamque
874 2609 1010 2661 coruscat

148 2680 304 2758 Postquam
317 2680 420 2748 habilis
433 2679 514 2739 lateri
526 2681 643 2757 clypeus
656 2680 801 2758 loricaque
815 2691 894 2756 tergo
907 2689 960 2754 est,

148 2759 306 2819 Ascanium
318 2758 388 2817 fusis
401 2755 510 2816 circum
522 2777 586 2816 com
608 2757 720 2816 lectitur
733 2760 826 2833 armis,

151 2839 324 2913 Summaque
337 2855 389 2914 per
402 2836 512 2911 galeam
526 2778 654 2898 deligans
668 2837 767 2906 oscula
779 2836 869 2895 satur:

73 2920 78 2935 '
149 2917 249 2992 Disce,
262 2935 342 2995 puer,
356 2915 487 2974 virtutem
502 2933 539 2972 ex
553 2933 609 2988 me,
623 2933 779 2992 verumque
792 2915 937 2987 laborem;
1058 2919 1114 2982 435

150 2997 305 3057 Fortunam
319 3014 355 3054 ex
370 2993 439 3053 aliis.
481 2993 511 3052 N
512 3012 568 3051 unc
581 3002 610 3051 te
623 3011 688 3050 mea
701 2993 818 3052 dextera
830 2992 906 3051 bello
923 2993 938 3016 '⁸

150 3075 311 3134 Defensum
325 3073 411 3149 dabit,
425 3080 455 3132 et
467 3091 570 3148 magna
582 3072 656 3130 inter
668 3073 785 3149 praemia
797 3073 889 3130 ducet.

151 3154 198 3213 Tu
212 3153 305 3231 facito,
319 3171 387 3212 mox
399 3171 489 3229 quum
503 3159 612 3210 matura
625 3150 780 3210 adoleverit
793 3159 870 3226 atas,

152 3233 198 3292 Sis
212 3251 335 3305 memor;
357 3241 386 3292 et
398 3241 426 3291 te
440 3231 535 3290 animo
548 3248 579 3288 re
600 3237 725 3288 etentem
738 3229 871 3308 exempla
884 3235 1006 3304 tuorum,
1057 3282 1062 3292 ,

151 3311 192 3370 Et
203 3319 282 3388 pater
294 3311 412 3388 AEneas,
426 3318 456 3369 et
466 3249 626 3370 avunculus
643 3307 749 3367 excitet
762 3308 879 3368 Hector.
1056 3313 1113 3368 440

189 3388 263 3447 Haec
275 3389 325 3448 ubi
338 3390 413 3449 dicta
426 3390 512 3465 dedit,
525 3389 613 3466 portis
626 3393 689 3446 sese
703 3387 805 3448 extulit
817 3388 928 3465 ingens,
1038 3407 1042 3416 ·

152 3467 256 3526 Telum
269 3467 392 3526 immane
407 3487 493 3526 manu
507 3467 651 3544 quatiens:
673 3464 757 3524 simul
771 3467 882 3544 agmine
896 3467 985 3526 denso

151 3545 336 3622 Antheusque
349 3545 576 3622 Mnestheusque
589 3553 690 3618 ruunt;
710 3546 860 3622 omnisque
872 3545 978 3605 relictis

152 3623 249 3684 Turba
260 3623 322 3682 fluit
335 3623 440 3682 smum.
482 3623 558 3682 Tum
572 3642 650 3682 caeco
663 3624 780 3700 pulvere
794 3642 909 3702 campus

152 3703 300 3777 Miscetur,
313 3701 452 3780 pulsuque
465 3701 571 3778 pedum
585 3703 680 3760 tremit
693 3703 788 3761 excita
800 3702 906 3768 tellus„
1055 3705 1112 3760 445

152 3781 234 3840 Vidit
246 3780 281 3840 ab
295 3781 413 3840 adverso
426 3779 575 3839 venientes
589 3799 690 3856 aggere
705 3780 829 3856 Turnus,
887 3825 892 3836 .

152 3858 261 3920 Videre
273 3855 413 3930 Ausonii3
434 3858 600 3935 gelidusque
613 3877 665 3936 per
677 3858 734 3915 ima
747 3858 871 3917 cucurrit

154 3940 225 4000 Ossa
237 3947 348 3999 tremor.
389 3937 486 3996 Pr'ima
498 3945 562 3996 ante
576 3955 674 3996 omnes
687 3936 806 3996 Juturna
819 3937 935 3996 Latinos
