2712 4488
245 575 298 630 282
645 571 822 625 alumnos

245 723 413 780 Luctantem
428 727 532 793 rostro;
553 719 637 777 simul
652 718 757 776 aethera
771 717 899 774 verberat
913 718 983 775 alis:

247 800 332 857 Haud
346 799 426 856 aliter
438 799 563 875 predam
577 797 730 854 'I'iburtirm
745 816 782 852 ex
795 797 907 870 agmine
922 796 1035 854 Tarcho

246 879 343 936 Portat
355 897 461 950 ovans3
482 876 561 934 ducis
576 875 943 950 exemplumeventnmque
957 876 1047 933 secuti

245 957 398 1014 Maeonidae
412 957 565 1014 incurrunt.
606 953 681 1010 Tum
694 953 762 1010 satis.
773 952 886 1010 debitus
899 955 1007 1011 Armns

246 1034 384 1092 Velocem
393 1034 489 1112 jaculo
503 1041 532 1091 et
545 1030 633 1089 multa
646 1031 722 1109 prior
735 1039 793 1088 arte
807 1030 959 1088 Camillam
1155 1037 1214 1090 760

247 1113 364 1186 Circuit,
379 1121 407 1168 et
420 1131 484 1188 quse
498 1111 535 1169 sit
547 1110 659 1167 fortuna
671 1109 805 1166 facillima
818 1117 915 1166 tentat.

248 1191 313 1261 Qud
328 1209 358 1248 se
372 1208 493 1267 cumque
506 1189 602 1246 iurene
615 1188 711 1248 medio
724 1187 789 1266 tulit
801 1187 914 1262 agmine
927 1189 1015 1263 virgo,

218 1300 224 1312 ·
247 1270 311 1325 ilde
326 1271 435 1326 Arruns
444 1267 532 1342 subit,
546 1275 575 1326 et
588 1267 688 1324 tacitus
702 1266 821 1342 vestigia
834 1266 950 1324 lustr'at:

247 1348 313 1416 Qua
326 1346 428 1404 victrix
440 1346 512 1404 redit
524 1345 582 1420 illa,
596 1346 756 1421 pedemque
770 1363 812 1401 err
821 1343 902 1401 hoste
916 1353 1046 1421 reportat,

247 1427 311 1481 Hdc
321 1425 435 1503 juvenis
448 1424 543 1482 furtim
558 1423 665 1482 celeres
678 1425 827 1498 detorquet
839 1421 975 1482 habenas.
1152 1429 1222 1481 765·

249 1504 310 1560 llos
324 1503 423 1577 aditus,
434 1505 552 1582 jamque
565 1502 617 1560 hos
631 1502 733 1576 aditus,
748 1519 918 1576 omnemque
932 1509 1055 1578 pererrat

247 1581 382 1658 Undique
396 1582 554 1657 circuitum,
569 1590 599 1640 et
611 1589 716 1638 certam
731 1581 820 1657 quatit
833 1580 977 1656 improbus
991 1581 1110 1638 hastam.

286 1659 370 1718 Forte
386 1679 463 1718 sacer
477 1660 594 1738 Cybela
609 1659 758 1734 ChloreuS,
773 1659 897 1734 olimque
911 1660 1051 1734 sacerdos,

249 1739 369 1813 Insignis
383 1737 466 1815 longia
479 1739 612 1815 Phrygiis
625 1737 750 1810 fulgebat
762 1738 792 1795 in
807 1737 906 1810 armis3

249 1821 488 1894 Spumantemque
499 1817 626 1894 agitabat
638 1834 752 1891 equum,
767 1834 852 1891 quem
866 1817 948 1892 pellis
963 1816 1061 1875 ahenis
1153 1822 1210 1874 770

249 1895 281 1952 ln
295 1896 419 1971 plumam
434 1896 556 1972 squamis
571 1915 638 1954 auro
652 1903 781 1953 conserta
794 1893 916 1970 tegebat.

249 1974 323 2048 lpse,
337 1974 486 2050 peregrinat
499 1974 640 2050 lenugine
654 1973 745 2032 clarus
759 1982 788 2031 et
800 1983 884 2048 ostro,
912 1977 916 1987 '

249 2053 366 2128 Spicula
378 2051 526 2129 torquebat
539 2053 627 2129 Lycio
642 2053 779 2129 Gortynia
792 2071 879 2110 cornu
892 2072 899 2110 ι

247 2133 360 2190 Aureus
373 2151 410 2189 ex
423 2131 548 2190 humeris
562 2139 643 2190 sonat
656 2151 746 2206 arcus,
760 2139 790 2189 et
803 2150 887 2188 aurea
898 2131 956 2189 vati

248 2210 384 2268 Casside:
406 2217 466 2268 turn
481 2229 609 2268 croceam
624 2209 860 2344 chlampdemque
874 2211 1011 2296 sinusque
1020 2217 1172 2288 crepantes

248 2289 405 2348 Carbaseos
418 2289 494 2346 lulvo
507 2289 536 2347 in
551 2289 658 2346 nodum
673 2289 715 2345 col
728 2298 823 2364 egerat
836 2308 912 2365 auro,
1153 2292 1209 2346 776

248 2367 346 2425 Pictus
360 2387 411 2424 acu
425 2367 544 2440 tunicas,
559 2375 588 2424 et
600 2366 717 2424 barbara
730 2367 855 2442 tegmina
869 2387 990 2426 crurum.

220 2443 221 2446 ’
249 2445 335 2503 Hunc
349 2446 437 2520 virgo,
451 2445 511 2502 sive
524 2453 555 2503 ut
568 2444 680 2522 templis
694 2445 854 2520 praefigeret
867 2465 943 2504 arma

248 2523 343 2598 Troia,
358 2521 468 2600 captivo
482 2523 587 2581 siveut
600 2541 631 2580 se
644 2521 729 2581 ferret
741 2524 771 2580 in
786 2543 854 2580 auro

248 2602 396 2676 Venatrix,
411 2621 499 2660 unum
513 2621 550 2660 ex
564 2601 641 2659 omni
654 2603 808 2659 certamine
821 2621 925 2678 pugnae

248 2681 333 2738 Caeca
347 2678 533 2758 sequebatur;
552 2687 702 2757 totumque
715 2681 827 2738 incauta
840 2699 891 2757 per
905 2701 1007 2756 agmen

248 2759 397 2818 Foemineo
410 2759 513 2835 praedae
527 2767 555 2818 et
565 2759 722 2836 spoliorum
736 2759 851 2817 ardebat
864 2779 967 2818 amore.

248 2837 351 2896 Telum
366 2857 402 2896 ex
415 2838 525 2897 insidiis
539 2858 625 2916 quum
638 2839 753 2896 tandem
766 2845 892 2915 ternpore
906 2847 988 2916 capto
1072 2837 1078 2847 “

248 2917 387 2992 Concitet,
403 2927 431 2976 et
445 2917 568 2995 Superos
583 2920 689 2977 Arruns
703 2917 743 2974 sic
757 2937 827 2976 voce
840 2926 987 2994 precatur:

249 2996 366 3054 Summe
381 2996 477 3073 deirm,
491 2997 580 3056 sancti
594 3005 688 3054 custos
703 2996 825 3054 Soractis
838 2997 951 3074 Apollo,

249 3075 345 3145 Quem
356 3075 442 3158 primi
455 3076 585 3150 colimus,
600 3075 646 3132 cui
659 3075 761 3151 pineus
773 3075 856 3132 ardor
869 3093 968 3133 acervo

248 3153 385 3228 Pascitur,
400 3162 428 3212 et
439 3149 567 3213 medium
581 3155 643 3212 freti
656 3154 761 3230 pietate
774 3153 934 3229 perignem

248 3225 378 3289 Cultores
392 3231 481 3289 multi
493 3233 646 3307 premimus
659 3231 779 3306 vestigia
791 3233 898 3307 pruni,

247 3308 303 3381 Da,
317 3318 405 3385 pater,
419 3309 474 3366 hoc
488 3311 589 3368 nostris
604 3308 709 3366 aboleri
718 3310 846 3367 dedecus
860 3309 953 3384 armis,

249 3385 444 3462 Omnipotens.
485 3387 553 3444 Non
568 3387 694 3459 exuvias,
707 3386 834 3462 pulsaeve
847 3395 986 3464 tropaeum

247 3462 382 3538 Virginis,
395 3473 445 3522 aut
458 3483 471 3522 s
492 3463 549 3522 olla
562 3465 620 3522 ulla
632 3472 717 3541 pet03
738 3465 810 3522 mihi
823 3473 926 3523 caetera
938 3465 1053 3523 landem

247 3539 335 3598 Facta
344 3541 453 3599 ferent:
472 3484 537 3600 laec
552 3543 612 3600 dira
624 3561 689 3600 meo
702 3543 770 3600 dnm
784 3543 900 3602 vulnere
913 3545 1002 3620 pestis

247 3618 334 3676 Pulsa
348 3620 438 3694 cadat,
452 3621 555 3696 patrias
568 3621 700 3679 remeabo
714 3621 848 3697 inglorius
862 3621 953 3684 urbes.

249 3697 355 3772 Audiit,
370 3706 398 3755 et
411 3699 467 3756 voti
481 3699 607 3757 Pboebus
620 3701 772 3758 succedere
785 3707 893 3777 partem

247 3776 347 3834 Mente
361 3776 447 3852 dedit,
462 3785 569 3853 partem
582 3778 711 3836 volucres
724 3778 855 3855 dispersit
868 3779 897 3837 in
911 3797 1000 3838 auras.
1067 3819 1073 3828 ,

249 3855 391 3914 Sterneret
403 3866 435 3915 nt
447 3855 539 3913 subitis
551 3855 689 3914 turbatam
703 3864 791 3916 morte
805 3855 966 3932 Camillam,

247 3934 356 3992 Annuit
369 3935 476 3992 oranti:
497 3935 629 3991 reducem
643 3942 674 3991 ut
687 3935 776 4008 patria
790 3935 845 3993 alta
857 3937 975 4008 videret,

246 4009 315 4067 Non
329 4013 424 4085 dedit;
445 4013 529 4088 inque
543 4020 625 4072 mtos
638 4030 738 4068 vocem
752 4011 862 4071 vertere
875 4013 1014 4090 procellae.

248 4085 334 4164 Ergo,
348 4097 379 4146 ut
392 4093 478 4149 missa
490 4109 573 4157 mann
589 4089 709 4146 sonitum
725 4089 802 4146 dedit
812 4089 892 4148 hasta
906 4109 956 4166 per
969 4110 1059 4166 auras,
