2712 4488
224 515 277 571 270
619 515 796 570 AENEIDOS

224 665 256 725 N
258 683 291 723 ec
306 685 422 742 magnas
435 666 558 724 valuisse
571 685 670 744 preces
681 685 689 738 ;
711 666 766 722 alia
778 683 856 722 arma
869 663 978 725 Latinis

226 744 399 820 Quarenda,
415 753 463 804 aut
475 763 576 822 pacem
591 745 716 822 Trojano
731 743 766 801 ab
780 763 846 820 rege
859 746 1020 821 petendam.

228 823 334 882 Deficit
345 823 454 898 ingenti
468 823 546 882 luctu
560 843 611 880 rex
624 825 686 900 ipse
699 823 826 880 Latinus.

225 901 353 960 Fatalem
368 903 480 960 AEneun
494 901 642 960 manifesto
655 901 773 958 nurnine
786 901 852 958 ferri

225 981 370 1040 Admonet
382 981 424 1038 ira
437 980 532 1056 desim,
546 980 706 1056 tumulique
721 989 785 1038 ante
798 999 848 1036 ora
861 989 999 1039 recentes.
1053 1054 1055 1060 Ι

226 1059 304 1134 Ergo
318 1059 470 1117 concilium
484 1069 616 1134 magnum
630 1060 792 1135 primosque
806 1057 921 1116 srionrm

226 1137 349 1213 Imperio
364 1137 468 1195 accitos
482 1137 537 1194 alta
550 1137 623 1195 intra
636 1137 735 1193 limina
748 1138 831 1212 cogit.

227 1216 285 1274 Olli
299 1213 427 1274 convene
482 1215 631 1291 fluuntque
645 1215 680 1272 ad
695 1216 771 1290 regia
783 1215 875 1292 plenis

429 1235 441 1272 r

226 1295 317 1352 Tecta
329 1295 392 1352 viis.
435 1235 523 1352 &det
535 1295 564 1352 in
579 1294 690 1368 mediis,
705 1303 734 1352 et
747 1296 887 1352 maximus
901 1313 973 1370 evo,

228 1373 267 1431 Et
279 1373 387 1449 primus
401 1373 528 1450 sceptris,
543 1373 619 1430 baud
632 1373 697 1442 lata
711 1372 811 1447 fronte,
826 1373 953 1432 Latinus·
967 1429 969 1436 .

226 1452 320 1528 Atque
334 1450 381 1510 bic
395 1453 502 1527 legatos
517 1451 612 1510 AEtolt
627 1471 663 1509 ex
677 1452 748 1509 urbe
762 1452 893 1512 remissos

228 1531 302 1599 Quae
317 1531 438 1590 reserant
451 1531 502 1589 sari
512 1531 604 1608 jubet,
619 1539 647 1589 et
661 1549 796 1608 responsa
808 1531 931 1608 reposcit

227 1609 334 1668 Ordine
349 1619 452 1668 cuncta
465 1630 525 1668 suo.
567 1611 643 1668 Turn
653 1609 731 1668 'facta
744 1609 856 1668 silentia
866 1609 981 1686 linguis,

231 1687 267 1746 Et
280 1689 421 1763 Venulus,
436 1689 511 1747 dicto
524 1707 636 1766 parens,
651 1689 691 1745 ita
703 1689 785 1746 farier
800 1689 880 1747 infit:

226 1765 371 1842 Vidimus,
386 1786 402 1824 o
417 1769 503 1842 eires,
518 1767 660 1824 Diomede
675 1767 836 1842 Argivaque
850 1776 959 1842 castra3
1067 1793 1074 1802 ·

225 1848 331 1922 Atque,
345 1847 398 1904 iter
412 1846 531 1921 emensi,
545 1864 626 1902 casus
640 1846 834 1922 superavimus
848 1865 968 1920 omnes3

227 1925 462 2001 contigimusque
476 1943 592 1982 manum
605 1924 662 2000 qui
676 1925 801 1982 concidit
816 1924 869 1982 llia
882 1924 976 1982 tellus.

227 2003 280 2060 llle
293 2003 392 2062 urbem
405 2004 583 2080 Argyripam,
597 2004 694 2080 patriae
709 2003 878 2078 cognomine
891 2005 992 2080 gentis,

230 2082 465 2160 VictorGargani
478 2083 619 2142 condebat
633 2083 663 2141 Ia
687 2083 748 2158 ygis
763 2082 844 2140 arvis.

225 2159 378 2237 Postquam
392 2162 564 2238 introgressi,
579 2169 608 2218 et
621 2179 717 2219 coram
731 2162 796 2220 data
809 2161 890 2238 copia
903 2161 989 2237 sandi,

225 2239 348 2298 Munera
361 2240 543 2317 praelerimus,
558 2258 664 2299 nomen
677 2241 853 2318 patriamque
867 2241 1002 2298 docemus
1013 2260 1021 2314 ς

227 2317 286 2387 Qui
298 2318 404 2376 bellum
419 2319 574 2392 intulerint,
589 2338 652 2394 quae
667 2338 754 2380 causa
768 2319 914 2377 attraxerit
925 2320 1026 2396 Arpos.

225 2396 338 2454 Auditis
353 2397 401 2470 illc
415 2396 478 2454 lraec
491 2397 602 2474 placido
617 2398 657 2454 sic
672 2397 795 2455 reddidit
807 2415 856 2455 ore
869 2416 887 2454 :¹

227 2473 251 2531 0
266 2473 413 2533 fortunatae
427 2483 536 2550 gentes,
552 2475 683 2533 Saturnia
696 2493 791 2549 regna,

225 2553 344 2628 Antiqui
358 2554 488 2627 Ausonii,
503 2572 566 2628 quaa
580 2571 631 2610 vos
644 2553 756 2611 fortuna
769 2554 879 2630 quietos

223 2631 374 2707 Sollicitat,
389 2632 544 2708 suadetque
558 2631 655 2707 ignota
668 2632 808 2690 lacessere
821 2631 918 2690 bella?
1017 2669 1028 2694 ι

227 2709 410 2788 Quicumque
426 2711 527 2768 Iliacos
540 2709 612 2768 terro
626 2711 797 2769 violavimus
810 2730 901 2787 agros,

119 2861 121 2864 Ι
231 2788 330 2866 (Mitto
345 2809 379 2848 ea
392 2809 456 2867 quac
468 2789 558 2849 muris
571 2789 704 2848 bellando
718 2789 859 2848 exhausta
873 2791 925 2849 sub
935 2791 1012 2866 altis,
1046 2786 1049 2792 ’

227 2868 307 2939 Quos
323 2870 427 2928 Simois
439 2877 549 2948 premat
561 2867 610 2928 ille
622 2867 722 2946 viros)
740 2869 856 2928 infanda
868 2889 919 2948 par
932 2870 1030 2928 orbem

228 2949 381 3026 Supplicia,
396 2957 425 3007 et
438 2949 577 3007 soelerum
591 2967 690 3026 poenas
704 2949 894 3025 expendimus
909 2967 1017 3024 omnes,

226 3025 283 3084 Vel
297 3029 410 3085 Priamo
423 3029 583 3086 miseranda
595 3045 705 3085 manus.
748 3027 809 3086 Scit
821 3029 899 3087 triste
914 3028 1053 3086 Minervae

228 3106 322 3180 Sidus,
337 3116 366 3164 et
378 3107 518 3164 Euboicae
533 3114 640 3180 cautes,
654 3107 785 3182 ultorque
801 3106 977 3183 Caphereus.

227 3185 333 3242 Militia
348 3204 384 3242 ex
397 3185 446 3241 illa
461 3185 602 3243 diversum
617 3186 651 3242 ad
665 3185 743 3243 littus
754 3185 858 3260 adacti,

226 3263 340 3320 Atrides
353 3262 450 3320 Protei
463 3263 615 3320 Menelaiis
630 3262 755 3336 adusque
770 3263 915 3320 columnas

227 3339 366 3412 Exsulat;
388 3339 510 3398 AEtneos
522 3341 594 3398 vidit
607 3339 751 3415 Cyclopas
764 3338 895 3415 Ulysses.·

226 3416 329 3490 Regna
342 3417 525 3493 Neoptolemi
539 3416 667 3489 referam,
679 3433 833 3493 versosque
847 3417 971 3476 Penates
1081 3413 1083 3418 ’

228 3494 398 3552 Idomenei?
427 3495 583 3572 'Libycone
597 3494 756 3553 habitantes
770 3495 862 3554 littore
875 3497 1005 3555 Locros?

227 3571 293 3648 Ipse
307 3573 475 3648 Mycenaeus
488 3592 652 3650 magnorum
666 3573 766 3631 ductor
778 3574 922 3633 Aobivrim

228 3651 366 3729 Conjugis
380 3649 502 3709 in'fandae
515 3654 605 3730 prima
617 3652 689 3710 intra
702 3653 800 3710 limina
813 3653 912 3712 dextri
969 3667 973 3678 '

229 3731 374 3808 Oppetiit;
396 3730 535 3788 demetam
546 3731 648 3788 ‘Asiam
663 3730 790 3790 subsedit
803 3733 931 3791 adulter:

229 3809 368 3868 invidisse
382 3810 449 3866 deos
462 3810 558 3888 patriis
571 3818 604 3867 ut
616 3811 742 3868 redditus
756 3811 810 3869 aris

228 3887 403 3965 Conjugium
417 3895 542 3964 optatum
557 3895 586 3944 et
597 3887 744 3964 pulchram
760 3889 906 3965 Calydona
919 3891 1068 3948 viderem?
1133 3893 1197 3948 270
1295 3945 1296 3961 ,

227 3963 315 4022 Nunc
328 3968 413 4024 etiam
426 3966 552 4024 horribili
565 3966 629 4022 risu
642 3973 771 4040 portenta
784 3976 946 4042 sequuntur,

229 4039 269 4099 Et
282 4045 350 4101 socii
365 4045 461 4102 amissi
474 4044 615 4122 petierunt
628 4043 733 4100 aethera
745 4046 856 4118 penniS,
