3128 4456
668 365 783 422 umus
801 367 850 422 1v.
1205 367 1242 423 73

257 514 314 574 Et
330 514 438 574 circum
449 513 660 590 pictisvebitur
671 531 726 574 sus
736 516 918 592 rururiasalis,

258 593 400 670 Quique
413 591 580 669 pheretrstm
593 592 700 652 vicinis
711 594 836 652 Persidis
849 603 940 670 urget,
968 619 977 638 ·
1183 599 1239 654 290

162 707 164 712 ·
257 671 314 734 Et
327 671 448 730 viridem
461 671 620 754 AEgyptum
634 672 714 748 nigra
728 672 981 748 soecundstareui,
1093 693 1095 700 ¹
1150 689 1154 698 ·

259 750 316 808 Et
328 749 439 808 diversa
451 768 537 808 ruens
550 757 660 828 septem
674 751 805 810 discurrit
814 751 847 810 in·
860 769 909 810 ora
977 817 979 824 ¹

260 828 374 906 Usque
388 827 517 888 coloratis
531 828 622 886 amuis
635 829 768 902 devexus,
777 829 813 892 ab
828 830 916 907 Indis,
1042 903 1045 908 Ι

265 906 377 964 Omnis
390 905 420 966 in
434 905 494 966 hic
505 915 610 966 certem
624 909 702 982 regio
711 909 783 986 jacit
795 917 854 970 arte
867 909 997 988 salutem,
1011 947 1025 980 ·.
1050 933 1052 950 ·

265 984 407 1062 Exiguus
420 980 553 1062 primum,
568 995 652 1063 utque
665 987 742 1063 ipsos
755 996 914 1046 contractus
928 987 964 1046 ud
976 1004 1055 1062 usus,
1180 990 1237 1044 29⁶

267 1058 397 1141 Eligitur
409 1064 508 1122 locus:
530 1063 608 1123 hune
622 1066 788 1142 augustique
802 1065 919 1126 imbrice
932 1065 1001 1124 teeti
1062 1068 1088 1127 ,⁹

257 1141 489 1222 ‚Parietibusque
502 1151 636 1222 premunt
648 1145 749 1217 arctis3
771 1152 800 1204 et
812 1153 931 1222 quatuor
945 1145 1060 1219 addunt,
1097 1152 1103 1166 ‘
1168 1172 1169 1185 κ

271 1221 406 1292 Quattuor
418 1241 435 1280 a
447 1223 540 1290 ventis
553 1222 669 1298 obliquis
682 1221 748 1280 luce
761 1222 906 1282 fenestras.
985 1277 989 1284 ,
1007 1293 1012 1302 ¹
1067 1257 1075 1272 ι

250 1299 348 1376 slsum
361 1301 476 1375 vitulus,
490 1301 568 1371 bisnai
582 1319 702 1358 currens
710 1303 772 1378 jam
785 1320 891 1362 cornus
903 1303 1003 1377 fronte,

272 1379 435 1459 Quaeritur:
456 1379 527 1436 huie
540 1379 662 1452 geminae
676 1395 758 1436 nares
771 1386 801 1436 et
813 1379 928 1455 spiritus
941 1377 997 1438 bris
1176 1383 1232 1437 300

270 1455 366 1516 Multa
379 1456 527 1516 reluctanti
541 1455 675 1530 obsuitur,
689 1453 835 1532 plagisque
843 1468 991 1534 perempto
1033 1485 1036 1497 ·

271 1535 371 1596 Tunes
381 1554 434 1627 per
446 1535 584 1612 integram
598 1533 744 1592 solvuntur
756 1533 866 1592 viscere
878 1535 991 1610 pellem·
1074 1543 1077 1550 ’

202 1639 205 1646 ’
272 1613 320 1671 Sic
330 1622 458 1692 pcsrtum
471 1614 502 1671 in
516 1613 612 1676 clauso
626 1613 777 1690 linquunt;
798 1620 935 1690 ciramea
946 1611 1031 1670 costis

151 1728 153 1732 -
208 1725 210 1732 ι
272 1691 611 1772 SubJ'iciuntfragmeuta,
625 1691 767 1770 thymum,
781 1693 927 1770 casiasque
939 1698 1076 1749 recentes.
1182 1723 1184 1732 =

214 1825 217 1830 .
271 1771 337 1830 Hoc
349 1771 464 1847 geritur,
478 1771 609 1850 zephyris
622 1767 745 1908 primum
759 1770 969 1849 impellentibus
981 1769 1081 1844 undas,
1172 1775 1228 1845 8οὸ

270 1847 345 1908 Ante
360 1850 442 1909 nouis
454 1849 573 1910 rubeant
586 1870 623 1928 qu
643 1869 672 1908 m
685 1859 767 1928 prata
778 1850 927 1922 coloribus,
942 1844 1007 1907 ente
1042 1909 1044 1914 ,

271 1928 389 1991 Garrula
402 1925 487 2006 quem
500 1930 585 2005 tignis
599 1930 697 1987 nidum
711 1931 864 2006 suspendat
874 1925 1003 1984 hirundo.
1054 1963 1058 1968 -

270 2005 382 2065 Interea
395 2007 499 2066 teneris
512 2007 669 2084 tepefactus
682 2008 712 2066 in
726 2007 834 2068 ossibus
847 2005 949 2065 humor

269 2085 402 2160 AEstust3
423 2095 453 2149 et
464 2087 583 2146 visenda
595 2087 686 2146 modis
700 2085 832 2146 animalia
843 2083 930 2158 miris,
978 2156 980 2162 Α

269 2164 385 2223 Trunca
396 2166 504 2242 pedum
516 2162 702 2243 primb,·m0x
715 2173 744 2224 et
756 2161 900 2222 stridentis
910 2163 1023 2240 pennis,
1082 2209 1087 2220 .
1169 2165 1225 2220 310

268 2243 437 2320 Miscentur,
451 2252 623 2322 tenuemque
631 2242 727 2321 'magis
740 2237 830 2316 magis
846 2243 913 2310 abra
924 2249 1062 2318 carpunt:

268 2322 380 2398 Donec,
393 2332 425 2382 ut
438 2323 543 2382 aestivis
556 2323 660 2387 effusus
673 2321 796 2380 nubibus
807 2317 909 2394 imber,
990 2391 994 2402 Ι

268 2399 417 2480 Erupsire3
438 2409 486 2461 aut
499 2411 532 2462 ut
544 2421 630 2462 nervo
642 2401 771 2480 pulsante
785 2398 902 2473 sagittae,

267 2479 363 2537 Prima
375 2480 454 2540 leve's
466 2481 567 2540 ineunt
579 2482 604 2539 si
617 2480 728 2559 quando
740 2474 840 2550 proelia
852 2475 958 2536 Parthi.
994 2507 998 2518 ·

306 2557 380 2628 Quis
393 2559 463 2618 deus
476 2558 559 2634 hanc,
574 2552 848 2628 Musae,'quis2n0bis
862 2554 972 2613 extudit
985 2555 1093 2612 artem?
1129 2558 1134 2571 ‘
1162 2557 1218 2610 815

153 2633 156 2642 '
267 2635 353 2694 Unde
366 2655 441 2696 nova
452 2638 594 2712 ingressus
607 2630 753 2696 hominurn
767 2632 942 2708 experientia
954 2632 1053 2706 cepit?

304 2712 404 2771 Pssto'r
416 2715 562 2787 Aristeus,
574 2710 684 2781 fugiens
698 2707 807 2766 Peneia
820 2709 940 2785 Tempe,

265 2789 395 2866 Amissis,
409 2799 441 2850 ut
453 2791 535 2862 sama,
549 2787 646 2861 apibus
659 2783 813 2860 morboque
826 2786 965 2860 fameque,

265 2867 367 2926 Tristis
380 2870 415 2926 ad
428 2864 545 2930 extremi
557 2877 669 2918 sacrum
683 2867 769 2937 caput
782 2863 887 2920 adstitit
899 2861 997 2931 amnis,

265 2945 359 3005 Mults
372 2963 500 3024 querens,
513 2945 597 3014 atque
611 2937 665 2995 hac
679 2937 779 2996 affatus
792 2957 864 2996 voce
875 2944 1019 3016 parentem
1032 2955 1040 2990 :
1156 2944 1213 2999 320

264 3025 368 3100 Meter,
382 3025 492 3102 Cyrene
505 3026 602 3091 mater,
617 3035 680 3092 quse
693 3013 809 3091 gurgitis
822 3016 906 3094 hujus

264 3103 327 3162 Ima
339 3111 427 3175 tenes,
441 3095 509 3175 quid
522 3113 568 3154 me
602 3094 717 3166 raeclarri
731 3095 817 3172 stirpe
829 3095 969 3152 deorum·
1125 3135 1132 3150 .

267 3181 313 3258 (Si
327 3173 420 3250 modu,
435 3192 518 3252 quem
531 3114 671 3251 perlibes,
685 3180 764 3248 pater
777 3180 819 3230 est
831 3169 1018 3250 prmbraeus
1030 3171 1150 3253 Apollo)

263 3258 388 3322 Invisum
400 3255 463 3313 satis
476 3251 616 3329 genuisti?
637 3259 685 3308 eut
697 3247 754 3326 qub
767 3249 816 3308 tibi
830 3246 916 3306 nostri

261 3336 364 3395 Pulsus
378 3333 475 3392 amor?
495 3330 562 3407 quid
575 3347 622 3387 me
636 3329 740 3396 coelum
753 3339 862 3404 sperare
871 3323 1016 3404 jubebas?
1153 3336 1209 3390 325

261 3415 308 3474 En
322 3413 406 3470 etism
418 3409 599 3484 huncipsum
611 3407 675 3463 vitm
689 3405 811 3462 mortalis
824 3404 970 3481 honorem,
1098 3461 1104 3476 ‚

262 3491 357 3563 Quem
370 3487 440 3546 mihi
452 3487 501 3544 vix
513 3487 622 3562 frugum
637 3491 666 3540 et
676 3482 820 3558 pecudum
831 3481 963 3546 custodia
973 3483 1061 3545 solers
1133 3511 1137 3518 ·
1172 3541 1176 3554 ,

185 3611 187 3618 1
261 3569 365 3629 Omnis
377 3564 494 3624 tentanti
507 3563 658 3635 extuderat,
673 3568 700 3618 te
714 3568 811 3634 matre,
825 3560 961 3637 relinquo.

262 3647 339 3718 Quin
353 3663 413 3719 age,
428 3650 456 3700 et
467 3643 529 3719 ipsa
540 3658 624 3698 mauu
638 3637 734 3696 felices
748 3657 815 3696 erue
829 3637 921 3714 silvas,

261 3727 317 3785 Fer
329 3721 443 3782 stabulis
455 3718 601 3784 inimicum
614 3718 719 3793 ignem,
734 3725 816 3792 atque
828 3715 957 3775 interfice
969 3724 1091 3792 messes,
1150 3724 1206 3780 ³80

261 3803 319 3863 Ure
333 3810 401 3875 sats,
415 3806 444 3856 et
455 3796 575 3855 validam
590 3794 702 3852 invites
716 3791 813 3850 molire
825 3793 989 3870 bipennem,

261 3881 351 3939 Tuntu
362 3895 433 3936 meae
447 3875 512 3933 site
525 3879 658 3950 ceperunt
670 3872 754 3930 taedis
765 3871 863 3930 laudis.
