2540 4320
157 465 210 522 296
557 463 740 522 AEanuos

68 661 73 673 .
156 617 265 692 Audiit,
280 617 450 694 agnovitque
464 633 576 692 sonum,
591 625 620 675 et
632 614 796 675 tremefacto
809 615 920 692 refugit

157 695 210 754 Ille
225 695 310 771 volat,
324 713 481 773 campoque
496 703 587 754 atrum
600 694 673 772 rapit
686 713 790 770 agmen
804 703 910 771 aperto·
1067 702 1126 758 450

157 775 258 846 Qualis
271 774 321 833 ubi
335 775 370 832 od
383 783 480 850 terras,
495 773 613 850 abrupto
626 773 856 847 sidere,'nimbns

156 853 184 913 It
196 873 273 912 mare
285 872 337 932 per
349 853 476 912 medinm
488 873 495 911 ε
517 851 638 926 miseris,
652 851 709 910 beu
721 853 728 908 l
752 852 871 929 prescia
883 849 967 930 long&

159 933 333 991 Horrescnnt
345 933 431 990 corda
444 931 590 1008 agricolis:
612 929 691 989 dabit
703 929 751 988 ille
765 931 859 992 ruinas

154 1011 321 1087 Arboribus,
336 1019 515 1088 stragemque
528 1009 613 1082 satis;
632 1017 697 1068 'ruet
709 1010 807 1068 omnia
818 1007 874 1069 late
887 1029 895 1068 t

154 1090 327 1149 Antevolant
340 1090 521 1166 sonitumque
534 1088 629 1146 serunt
642 1088 678 1147 ad
691 1089 783 1147 littora
796 1089 881 1148 venti.
1065 1096 1122 1150 455

155 1168 234 1227 Talis
247 1169 277 1226 in
291 1187 405 1228 aversos
419 1168 520 1226 ductor
531 1166 685 1226 Rhoeteius
697 1166 794 1226 hostes

153 1249 265 1324 Agmen
281 1247 354 1324 ogit:
377 1247 459 1305 densi
473 1247 572 1305 cuneis
586 1265 617 1305 se
631 1247 750 1323 quisque
764 1247 869 1307 coactis
1132 1309 1135 1316 Α

153 1326 364 1402 Agglomerant.
405 1326 485 1384 Ferit
498 1345 567 1384 ense
580 1345 695 1401 gravem
709 1325 897 1402 Thymbraeus
911 1321 1032 1401 Osirini3

152 1402 319 1463 Archetium
333 1403 521 1483 Mnestheus3
543 1404 707 1482 Epulonem
721 1405 870 1464 obtruncat
881 1405 1016 1482 Achates,

153 1482 345 1560 Ufentemque
360 1483 457 1560 Gyas:
479 1483 555 1542 oadit
567 1484 629 1561 ipse
646 1482 817 1542 Tolumnius
830 1503 926 1562 augur,
1063 1490 1120 1544 460

152 1561 264 1619 Primus
278 1562 307 1620 in
321 1563 454 1622 adversos
467 1563 556 1622 telum
569 1563 620 1638 qui
633 1571 750 1622 torserat
763 1562 867 1622 hostes.
973 1613 975 1618 .

152 1637 273 1699 Tollitur
285 1641 314 1700 in
329 1643 434 1702 coelum
449 1641 564 1716 clamor,
579 1642 710 1718 versique
724 1642 849 1700 vicissim

151 1718 355 1780 Pulverulenta
366 1721 433 1797 fuga
447 1721 549 1779 Rutuli
562 1721 630 1779 dant
643 1729 721 1795 terga
732 1739 784 1797 per
797 1739 886 1796 agros.

152 1796 219 1874 lpse
233 1818 325 1876 neque
339 1801 473 1858 adversos
486 1800 617 1875 dignatur
630 1807 754 1858 sternere
768 1800 862 1875 morti,

150 1876 182 1936 N
183 1897 216 1936 ec
228 1880 302 1955 pede
316 1896 482 1956 congressos
497 1897 590 1954 aequo,
604 1896 657 1936 nec
672 1878 729 1936 tela
739 1878 863 1940 serentes
1061 1886 1118 1944 465

151 1954 331 2034 Insequitur:
353 1958 444 2017 solnm
458 1953 591 2016 deusi'in
605 1956 726 2033 caligine
740 1957 870 2016 Turnum

151 2034 282 2114 Vestigat
294 2037 417 2096 lustrans
428 2057 436 2111 ;
459 2037 550 2096 solum
563 2037 593 2095 in
607 2037 762 2095 certamina
774 2037 875 2114 poscit.

189 2115 255 2175 Hoc
270 2135 409 2176 concussa
422 2129 499 2176 metu
514 2124 639 2175 mentem
653 2115 776 2175 Jntnrua
789 2117 885 2192 virago
990 2173 993 2182 ,

149 2194 285 2271 Aurigam
299 2195 390 2254 Turni
404 2196 499 2254 media
512 2195 586 2253 inter
598 2195 657 2256 lora
670 2195 826 2253 Metiscum

150 2272 280 2349 Excutit,
294 2282 324 2332 et
336 2271 420 2350 longe
435 2275 545 2353 lapsum
558 2283 673 2332 temone
686 2274 825 2350 relinquit.
1059 2279 1125 2334 470·

150 2350 219 2428 ipsa
232 2353 315 2427 subit,
330 2353 518 2432 manibusque
531 2353 672 2410 undantes
685 2352 773 2411 flectit
786 2352 921 2428 habenas,

149 2430 261 2489 Cuncta
273 2450 383 2507 gorens,
398 2449 565 2507 vocemque,
580 2438 609 2490 et
617 2429 728 2507 corpus,
743 2440 772 2490 et
784 2451 861 2490 arma
873 2431 998 2492 Metisci.
1067 2439 1071 2446 '

149 2509 240 2585 Nigra
252 2510 332 2569 uelut
345 2529 461 2586 magnas
475 2508 583 2567 domini
596 2529 683 2586 quum
697 2510 792 2568 divitis
806 2512 882 2570 aedes

149 2588 291 2664 Pervolat,
306 2597 335 2647 et
347 2588 450 2666 pennis
464 2587 519 2646 alta
532 2587 602 2646 atria
615 2587 714 2646 lustrat
726 2588 856 2664 hirundo,
937 2591 940 2598 '
963 2657 966 2664 Δ

150 2666 258 2726 Pabula
271 2686 358 2745 parva
370 2667 478 2743 legens,
492 2666 623 2743 nidisque
637 2666 803 2741 loquacibus
817 2687 913 2741 escas3
1057 2672 1114 2728 475

150 2746 190 2805 Et
203 2766 278 2806 nunc
292 2746 446 2824 porticibus
459 2745 565 2820 vacuis,
580 2765 657 2804 nunc
670 2746 789 2804 humida
802 2747 909 2806 circum
1003 2806 1008 2819 ,

151 2825 257 2901 Stagna
270 2834 367 2885 sonat:
389 2825 489 2884 similis
502 2825 612 2885 medios
623 2825 641 2884 J
643 2834 744 2884 ntnrna
756 2844 808 2902 per
820 2826 915 2885 hostes
1033 2891 1036 2897 ,

150 2905 252 2964 Fertur
265 2905 354 2982 equis,
366 2904 521 2982 rapidoque
534 2904 634 2974 volans
647 2905 707 2962 obit
720 2907 815 2962 omnia
827 2924 926 2976 curru3

149 2983 270 3061 Jamque
283 2983 331 3042 hic
345 3002 522 3061 germanum,
534 2985 652 3061 jamque
666 2983 724 3057 hic,
739 2990 859 3043 ostentat
872 2994 1022 3056 ovantem3

150 3063 215 3120 Nec
229 3063 355 3121 conferre
369 3082 485 3121 manum
499 3062 620 3139 petitur3
642 3062 718 3121 volat
732 3063 794 3119 avia
807 3060 899 3138 longe.
1056 3066 1112 3120 480
1136 3076 1138 3082 ’

90 3209 93 3218 ¹
151 3141 237 3199 Haud
252 3138 345 3198 minsis
359 3141 468 3200 AEusaa
482 3149 568 3208 tortos
581 3140 651 3215 legit
663 3141 763 3198 obvius
777 3141 871 3211 orbes,

150 3219 337 3296 Vestigatqne
350 3220 452 3295 virum,
466 3230 495 3279 et
509 3220 627 3296 disjecta
638 3236 690 3294 per
703 3218 816 3293 agmina
828 3220 932 3294 magni

150 3296 232 3355 Voce
245 3306 336 3356 vocat.
378 3297 499 3368 Quoties
513 3297 611 3354 oculos
624 3297 747 3372 conjecit
759 3297 788 3354 iu
802 3296 922 3373 hostem,

150 3374 361 3450 Alipedumque
375 3374 470 3450 lugam
485 3393 569 3432 cumn
583 3373 702 3432 lentavit
715 3393 861 3450 equorum,

150 3454 275 3511 aversos
289 3454 372 3512 toties
385 3472 483 3512 currus
496 3453 617 3511 Jnturna
631 3451 748 3510 retorsit.
1052 3459 1109 3513 485

152 3532 235 3590 Heu!
258 3531 325 3608 qnid
339 3535 424 3610 agat?
444 3532 522 3591 vario
535 3529 726 3607 nequidquam
739 3530 856 3594 fluctuat
869 3539 956 3592 aestu:

151 3610 338 3686 Diversaeque
351 3620 454 3668 vocant
467 3609 593 3668 animum
607 3608 635 3668 in
650 3611 787 3669 contraria
801 3630 884 3670 curae.

152 3689 230 3747 Huic
244 3689 404 3766 Messapus,
419 3690 461 3748 nti
473 3688 546 3746 levi
561 3689 618 3746 duo
630 3686 701 3746 sorte
715 3689 830 3764 gerebat
880 3690 881 3693 ’

152 3767 252 3842 Lento,
267 3766 337 3825 levis
352 3786 444 3841 cursu,
458 3767 575 3842 prefixa
587 3767 700 3825 hastilia
711 3768 794 3842 ferro,

152 3843 263 3902 Horum
278 3865 366 3904 unum
379 3854 456 3904 certo
470 3853 656 3921 contorquens
670 3847 763 3922 dirigit
775 3847 842 3906 ictu.
1054 3850 1111 3904 490

153 3920 283 3981 Substitit
295 3923 414 3998 AEueas,
429 3933 458 3982 et
471 3943 501 3982 se
516 3923 630 3998 collegit
641 3924 670 3981 in
686 3943 771 3997 arma,
934 3941 938 3949 ’

152 3997 264 4074 Poplite
276 4001 443 4061 subsidens:
465 4002 577 4079 apicem.
587 4011 680 4060 tamen
694 4003 780 4061 incita
790 4019 934 4060 summum
