2712 4488
292 545 294 554 .
399 589 402 598 .
517 513 631 570 urana
648 515 738 586 xus
825 499 835 518 ⁴

120 657 153 717 N
153 659 271 740 pmpha,
285 662 374 722 decus
387 662 551 740 fluviorum„
562 664 658 728 animo
670 665 830 742 gratissima
842 675 948 744 nostro,

123 737 189 797 Seis
202 748 234 799 ut
247 749 276 800 te
289 741 398 810 cunctis
411 761 507 818 unam,
522 762 709 821 quecumque
722 745 839 804 Latina„¹
1053 811 1056 824 ‚
1086 737 1095 782 i

121 815 304 894 Magnantmi
317 820 334 878 J
335 821 397 879 ovis
409 821 551 896 ingratum
565 821 843 899 ascenderecubile,

120 894 310 975 Praetulerim‚
325 895 447 980 coelique
460 899 561 966 lubens
574 900 604 958 in
618 910 698 978 perte
710 901 837 960 locaris.
1034 906 1088 962 145

120 970 212 1032 Disce
227 984 317 1054 tunm,
330 997 368 1036 ne
381 997 427 1036 me
440 980 563 1054 incuses,
576 979 706 1055 Juturna
721 980 861 1040 dolorem.

122 1050 191 1122 Quo
204 1055 266 1114 visa
279 1064 322 1116 est
333 1056 446 1126 fortuna
456 1058 525 1134 pati,
539 1053 694 1136 Parcaeqne
709 1059 839 1118 sinebant
855 1061 857 1065 ’
969 1084 971 1088 ·

121 1129 236 1192 Cedere
249 1153 294 1193 res
307 1135 400 1211 Latio,
415 1135 546 1194 Turnum
560 1143 590 1196 et
602 1144 650 1196 tua
663 1138 768 1198 maenia
781 1139 842 1198 terri
853 1159 868 1196 :·

120 1207 210 1270 Nunc
220 1215 361 1291 juvenem·
370 1214 525 1291 imparibus
537 1215 626 1272 video
635 1216 892 1294 concurreresatis,

120 1286 330 1371 Parcarumque
344 1293 405 1352 dies
419 1302 449 1352 et
460 1293 504 1352 vis
518 1293 634 1351 inimica
645 1295 825 1372 propinquat.
954 1367 955 1370 Ἴ
1032 1300 1086 1356 150

119 1365 190 1428 Non
204 1389 329 1448 pugnam
344 1371 489 1449 adspicere
502 1371 576 1429 hanc
590 1373 689 1447 oeulis,
704 1392 764 1432 non
774 1374 881 1434 foedera
892 1393 1017 1452 possum.

121 1444 178 1523 Tu,
192 1467 245 1526 pro
258 1469 393 1526 germano
407 1450 512 1526 siquid
524 1450 694 1526 presentiae
707 1452 805 1527 audes,
862 1503 863 1508 ,

120 1523 214 1602 Perge
225 1548 233 1602 ;
254 1527 355 1586 decet:
376 1529 469 1586 forsan
483 1528 602 1586 miseros
614 1528 731 1586 meliora
744 1539 904 1606 sequentur.

120 1601 182 1663 Vix
195 1625 239 1683 ea,
253 1625 347 1683 quum
356 1606 494 1682 lacrymas
507 1606 599 1664 ocutis
610 1607 730 1666 daturne
742 1607 885 1700 profudit;

120 1681 236 1761 Terque
250 1693 403 1761 quaterque
417 1703 502 1747 manu
515 1694 615 1762 peetus
627 1694 768 1762 percussrt
779 1685 940 1746 honestum.
1033 1691 1087 1746 155

120 1759 153 1818 N
154 1779 192 1824 on
206 1763 336 1840 lacrymis
350 1763 405 1822 hoc
418 1771 541 1842 tempus,
556 1764 595 1824 ait
609 1764 739 1822 Saturnia
750 1765 845 1840 Juno;
877 1827 879 1832 ,

98 1883 100 1890 ,
119 1841 269 1918 Acceleru,
283 1849 313 1900 et
325 1841 449 1919 fratrem,
461 1844 486 1902 si
499 1843 562 1920 quis
575 1843 686 1919 modus,
700 1843 778 1922 eripe
791 1845 875 1904 morti
908 1895 910 1901 .

119 1918 181 1980 Aut
193 1928 224 1980 tu
236 1921 313 1979 bella
325 1921 378 1997 cie,
393 1930 621 2000 conceptumque
635 1930 738 1982 excute
751 1922 854 1984 fredus.

119 1998 229 2059 Auctor
242 2018 296 2077 ego
310 1998 453 2058 audendi-⁸
484 2001 532 2060 Sic
546 2001 693 2060 exhortata
705 2002 818 2079 reliquit

120 2073 276 2154 Incertam,
291 2087 320 2137 et
332 2078 403 2138 tristi
417 2078 556 2138 turbatam
568 2079 687 2138 uulnere
700 2081 811 2139 mentis.
1027 2083 1087 2138 160

160 2157 274 2217 Interea
286 2176 375 2234 reges,
390 2157 498 2233 ingenti
511 2158 586 2216 mole
601 2158 719 2219 Latinus
949 2181 968 2222 r=

121 2233 298 2315 Quadrijugo
311 2236 424 2296 vehitur
437 2255 528 2314 curru,
544 2237 592 2295 oui
604 2246 731 2314 tempora
743 2236 863 2296 circum
951 2251 954 2262 ’
1063 2276 1067 2282 ·

103 2314 278 2375 ·Auratibis
291 2335 342 2374 sex
355 2315 425 2374 radii
438 2314 575 2393 fulgentia
587 2316 713 2392 cingunt,
755 2379 758 2387 ¹
939 2347 962 2377 er
1060 2337 1062 2342 ·

121 2391 197 2454 Solis
211 2395 256 2452 avi
269 2394 432 2472 specimen3
454 2394 528 2472 bigis
540 2395 562 2454 it
575 2395 688 2456 Turnus
701 2394 731 2453 in
745 2393 826 2471 albis,
947 2420 960 2460 τ
1013 2423 1017 2432 ·

121 2471 198 2532 Bina
210 2493 295 2531 manu
308 2473 366 2532 luto
379 2473 505 2552 crispans
518 2474 631 2534 hastilia
643 2474 726 2534 ferro.
936 2497 961 2530 -e
1034 2476 1086 2532 165

120 2549 199 2612 Hinc
211 2559 291 2630 pater
303 2552 422 2628 AEneas,
435 2553 574 2612 Romanae
589 2549 682 2631 stirpis
696 2552 788 2629 origo,
950 2553 960 2571 '
981 2569 983 2576 ’

121 2628 239 2690 Sidereo
251 2631 371 2708 flagrans
385 2631 485 2709 clypeo
499 2639 528 2691 et
541 2631 702 2691 scelestibus
716 2631 809 2707 armis,
951 2682 958 2710 p

121 2707 161 2768 Et
170 2707 255 2790 juxta
267 2710 418 2784 Ascanius,
433 2717 627 2788 magnae'spes
636 2711 725 2771 altera
734 2710 857 2785 Roma,

121 2785 285 2847 Procedant
297 2787 412 2858 castris3
434 2789 562 2865 puraque
575 2789 604 2846 in
617 2798 697 2847 veste
711 2789 843 2862 sacerdos
941 2804 947 2839 ῑ

121 2865 243 2942 Setigeri
256 2865 354 2924 fretum
368 2865 425 2923 suis
439 2867 636 2940 intonsamque
649 2865 794 2930 bidentem
897 2897 908 2922 ι
1028 2867 1084 2922 170

119 2945 232 3082 Attulaiq
248 2943 428 3020 admovitque
441 2961 530 3020 pecus
543 2943 724 3018 flagrantibus
737 2942 801 3002 aris.
861 3009 864 3013 ¹

121 3023 178 3100 Illi,
242 3029 402 3098 surgentem
417 3021 546 3080 conversi
559 3020 778 3096 lumiua'solem‚

120 3103 199 3162 Dant
211 3101 304 3178 fruges
319 3100 448 3160 manibus
462 3099 558 3176 salsas,
573 3108 602 3158 et
614 3107 741 3178 tempora
753 3099 828 3158 ferro

122 3181 240 3241 Summa
253 3187 351 3240 notant
362 3178 518 3257 pecudum,
530 3178 692 3256 paterisque
704 3177 801 3236 altaria
814 3173 908 3234 libant.

121 3259 196 3318 Tum
209 3260 275 3340 pius
289 3258 406 3336 AEneas²
420 3258 519 3317 stricto
529 3257 570 3315 sic
584 3275 653 3316 ense
665 3264 814 3335 precatur:
1001 3273 1006 3284 ·
1028 3255 1082 3314 lto

120 3337 192 3399 Esto
206 3357 282 3398 nunc
296 3337 346 3397 Sol
359 3336 448 3413 testis,
462 3344 491 3396 et
503 3335 566 3394 haec
580 3335 650 3394 mihi
663 3343 736 3395 terra
747 3332 878 3408 voranti„
946 3393 954 3415 a.

122 3416 216 3489 Quam
228 3424 343 3494 propter
355 3424 447 3476 tantos
460 3415 540 3494 potui
551 3413 674 3492 perterre
688 3415 810 3489 labores,
842 3453 846 3462 ·

121 3495 162 3555 Et
173 3496 258 3554 Pater
270 3494 459 3573 omnipotens,
473 3504 503 3554 et
514 3502 555 3570 te,
571 3493 701 3552 Saturnia
712 3491 798 3565 Juno,

119 3573 184 3632 Jarn
197 3573 305 3648 melior,
316 3575 385 3652 jam,
400 3573 474 3649 diua,
487 3591 604 3651 preeor:
625 3579 721 3649 tuque,
735 3569 841 3646 inclyte
854 3565 982 3646 Mavors,

122 3652 232 3711 Cuncta
244 3657 292 3709 tuo
323 3651 353 3708 ui
365 3651 450 3726 bella,
463 3658 554 3728 pater,
566 3649 618 3708 sub
630 3649 748 3708 numine
761 3655 872 3726 torques
884 3664 894 3703 r
1024 3649 1078 3706 180

121 3729 294 3806 Fontesque,
305 3671 462 3806 iuviosque
475 3747 558 3803 voco,
570 3746 691 3804 queque
704 3725 818 3786 aetheris
828 3721 880 3783 siti
974 3757 987 3782 ,-

120 3808 255 3884 Relligio,
269 3807 300 3866 et
310 3825 373 3883 que
387 3806 508 3865 caeruleo
522 3813 588 3863 sunt
599 3805 715 3864 numina
727 3811 828 3881 ponto„

121 3885 246 3948 Cesserit
257 3883 385 3944 Ausonio
398 3885 422 3942 si
435 3885 492 3942 sors
503 3883 620 3942 victoria
633 3883 739 3957 Turno,

28 3997 29 4004 1
92 3988 96 3998 ·
121 3965 264 4025 Convenit
276 3961 403 4022 Evandri
415 3961 506 4021 victos
519 3960 665 4018 discedere
679 3960 714 4018 ad
727 3958 846 4032 urbem3

28 4131 29 4134 Ἴ
121 4045 213 4104 Cedet
227 4041 411 4178 iilusppriu
431 4058 484 4098 nec
497 4045 561 4116 post
574 4057 651 4096 arma
663 4037 721 4096 ulla
733 4035 853 4096 rebelles
1021 4041 1075 4102 186
